1734 3158
368 188 459 240 ςῳ
569 157 1445 224 ANNOTATIONES

362 263 431 304 sex
454 263 528 304 aris
546 263 747 305 duodecim
768 263 857 304 Diis
878 262 1091 318 Olympiae
1111 261 1339 304 consecratis
1352 295 1366 314 ,
1393 263 1447 306 est
1471 277 1494 307 e
1514 264 1637 308 Scho.

363 317 470 360 liaste
491 318 645 358 Pindari
667 318 832 372 Olymp.
858 319 915 368 V,
942 330 991 357 10
1004 349 1017 367 ,
1042 317 1111 371 qui
1132 317 1245 359 binos
1263 317 1402 368 Deos,
1423 320 1491 374 qui
1507 321 1548 360 in
1571 333 1635 361 ea·

364 372 455 413 dem
472 385 539 415 ara
562 372 811 421 colebantur,
827 373 1052 424 συμβώμους,
1073 381 1214 421 vocat;
1238 373 1564 425 quemadmodum
1590 374 1635 416 &

366 425 511 467 Strabo
537 426 615 477 XI,
640 440 734 479 512,
755 425 928 467 Perficos
950 424 1136 480 quosdam
1154 424 1368 477 δἐιίμοναις,
1393 427 1537 482 quibus
1568 440 1637 468 ea-

367 480 455 521 dem
478 480 591 522 aedes
613 481 655 522 &
678 493 744 520 ara
770 479 873 522 sacra
897 489 990 521 erat.
1009 479 1109 520 Add.
1132 479 1336 534 Spanhem.
1366 480 1482 536 Epist.
1508 481 1566 522 111
1578 481 1639 522 ad

367 534 527 576 Morell.
550 548 636 590 pag.
675 534 763 589 183.
791 533 916 587 Quod
941 532 1093 574 eosdem
1122 532 1321 588 ὃμοχέτοις
1347 546 1514 576 vocatos
1545 535 1640 576 dicit

368 589 501 633 Kuhn.
529 588 566 630 id
597 588 651 630 est
677 601 701 628 e
730 588 953 642 Thucydid.
981 587 1064 638 lv,
1093 601 1157 642 97.
1191 589 1259 630 ubi
1282 588 1363 632 vid.
1390 588 1520 631 Schol.
1558 589 1640 631 He-

367 642 477 696 sych.
502 643 544 686 &
567 643 740 685 Suidam.
1037 675 1040 679 .

424 698 520 749 Pag.
548 696 638 750 258.
655 698 679 737 l.
697 711 735 747 4.
755 695 1005 747 Κεκμιιῶταις)
1024 694 1270 747 Kena-ndreae
1283 697 1410 753 Marg.
1427 697 1540 747 bene,
1558 696 1645 751 opi,-

370 764 464 792 nor:
485 750 581 791 illud
603 750 684 795 fere
706 753 933 805 poetarum,
954 748 1043 799 vel,
1057 761 1112 791 .u.t
1137 749 1377 802 Eustathius,
1402 751 1545 793 Ionum
1572 750 1643 793 est.

371 818 528 845 mecum
546 803 638 846 facit
661 805 709 845 ad
734 804 930 846 Pollucem
945 834 958 852 ,
979 803 1047 858 qui
1067 802 1118 844 fic
1139 803 1374 855 adduxerat,
1393 805 1466 847 lun
1492 818 1643 846 erman-

372 872 447 915 nus
471 859 550 909 111,
579 858 666 900 106.
693 859 766 901 Sed
793 859 835 899 δι
860 860 1001 912 poetae
1035 855 1148 910 saepe
1173 858 1245 899 hac
1274 857 1411 900 forma
1506 860 1644 901 eocrit.⁴

373 914 394 955 ἦ
427 914 507 967 ’γὰρ
538 913 614 954 ἀπ’
638 915 771 966 ἄγραις
796 911 940 954 'raama
969 911 1168 962 κεκμακὼς
1194 911 1439 964 &amedaeu-
1467 913 1644 954 Ἀττικώο

373 980 474 1020 τερον
499 967 700 1008 Eustathio
723 966 845 1008 iudice
873 965 1083 1007 scribamus
1101 965 1362 1019 κεγμηκότταις.
1387 967 1470 1015 Sic,
1492 967 1645 1021 inquit,

375 1019 554 1076 ἁγμῇτες
575 1035 649 1075 pro
663 1019 847 1072 ἀκμῆτες,
861 1020 905 1061 δι
927 1018 1102 1072 ἔοιγμεν,
1116 1020 1216 1074 apud
1231 1020 1414 1075 Sophocl.
1435 1021 1498 1061 Ai.
1523 1021 1643 1068 1260,

374 1088 450 1129 pro
467 1075 656 1127 ἑοίκαμεν;
678 1075 741 1117 sed
763 1076 810 1117 de
832 1075 905 1116 hac
925 1074 1113 1128 scriptura.
1127 1074 1399 1128 ampliandum.
1416 1077 1564 1116 WAss.

431 1132 507 1169 ead.
538 1130 562 1169 l.
596 1131 633 1171 6.
664 1128 819 1182 Ἡμέρας
845 1151 891 1169 -.
915 1127 1078 1180 παθεῖν)
1104 1127 1313 1169 Priscianus
1338 1128 1498 1179 XVIII,
1530 1138 1648 1181 1172.

377 1183 525 1227 Graev.
549 1183 946 1236 ἀναμιμνησκόμενοι,
967 1181 1030 1223 sed
1050 1180 1137 1224 Mff,
1163 1182 1204 1223 &
1228 1182 1441 1224 Priscianus
1455 1196 1544 1223 cum
1571 1183 1648 1222 edi-

378 1238 426 1278 tis
449 1237 608 1278 faciunt.
639 1237 748 1279 Prisc.
775 1249 904 1279 tamen
925 1236 1015 1287 μεθ’
1037 1234 1190 1277 ἑωυτῶν.
1209 1248 1326 1291 atque
1347 1237 1400 1278 ita
1416 1236 1555 1278 Codex
1571 1236 1647 1278 Mss

379 1291 424 1333 Β.
449 1292 545 1332 Pub.
564 1292 728 1333 Cantab.
752 1293 794 1334 &
818 1290 879 1332 Cl.
909 1290 980 1332 Gr.
1005 1290 1151 1331 WAss.

433 1350 508 1386 ead.
536 1347 560 1387 l.
597 1361 656 1387 12.
683 1346 741 1396 Τῷ
764 1345 971 1401 αἰσχίστῳ.
989 1342 1145 1398 ὀλέθρῳ)
1167 1343 1260 1386 vid.
1283 1356 1386 1399 quae
1411 1354 1648 1385 annotarunt

378 1399 544 1443 casaub.
572 1402 623 1441 ad
647 1399 820 1454 Dionys.
850 1399 1042 1441 Halicarn.
1070 1398 1154 1448 VI,
1174 1398 1252 1449 86,
1277 1399 1319 1440 δι
1342 1398 1456 1440 Cerd.
1482 1399 1531 1439 ad
1557 1398 1648 1439 Vir-

379 1453 447 1508 gil.
466 1454 524 1496 IX
539 1455 642 1495 Aen.
670 1469 758 1509 340.

423 1509 530 1562 ,Paga
555 1510 644 1550 260,
665 1511 690 1549 l.
710 1511 748 1550 6.
771 1510 867 1562 Hpbc
884 1507 953 1559 μὲν
971 1508 1027 1547 τὰ
1045 1506 1234 1549 ἀντειπεῖν
1254 1505 1345 1555 ἒεῒ)
1367 1506 1581 1562 Stephanus
1598 1519 1650 1548 eo

380 1560 473 1603 loco
486 1594 499 1612 ‚
530 1576 646 1617 quem
674 1562 792 1604 refert
815 1563 856 1602 in
882 1563 980 1603 Var.
1010 1561 1113 1603 Le&
1145 1560 1377 1611 malsonus,
1406 1560 1650 1616 reprehendit

381 1616 623 1659 Schouasten
634 1649 647 1667 ,
666 1619 722 1658 τὰ
746 1618 1061 1671 interpretantem
1085 1617 1190 1665 τινὰ,
1207 1616 1249 1657 δι
1267 1625 1402 1656 monet
1413 1644 1424 1664 ,
1441 1614 1650 1656 observan-

382 1671 476 1715 dum
500 1670 576 1712 effe
604 1672 666 1713 hic
681 1703 694 1722 ,
721 1683 861 1712 contra
897 1680 1091 1724 receptam
1113 1669 1298 1711 sermonis
1324 1669 1469 1711 Graeci
1493 1667 1652 1710 consue-

382 1725 578 1774 tudinem,
605 1725 863 1779 καινοπρεπὸἷς.
883 1725 959 1765 dici
983 1740 1016 1764 π
1033 1725 1074 1764 ὃς
1094 1723 1164 1775 μὲν
1186 1726 1263 1771 τὰ,
1285 1736 1358 1777 pro
1378 1725 1470 1776 πρὶς
1488 1725 1544 1762 τὰ,
1565 1723 1650 1774 μέν.

383 1778 490 1820 Idem
509 1780 584 1820 iam
605 1790 694 1820 ante
714 1789 973 1820 annotaverat
1030 1778 1176 1819 udaeus
1195 1779 1235 1818 in
1254 1777 1517 1818 Commentar.
1537 1777 1649 1830 Ling.

385 1833 457 1873 Gr.
485 1846 571 1888 pag.
596 1834 700 1888 956,
722 1834 765 1874 &
792 1834 847 1874 ob
873 1846 959 1873 eam
986 1831 1137 1872 causam
1161 1832 1237 1873 hoc
1265 1832 1362 1874 inter
1386 1843 1499 1872 exem
1527 1830 1564 1871 la
1582 1831 1653 1870 im-

383 1887 770 1983 plicit-{edstruc'turae
787 1886 988 1943 posuerat:
1011 1887 1120 1941 quod
1139 1886 1182 1927 &
1202 1886 1340 1941 repetit
1351 1898 1402 1926 ex
1422 1897 1474 1926 eo
1493 1845 1653 1940 gtepha-

383 1954 459 1982 nus
478 1955 491 1981 1
521 1956 534 1982 1
561 1974 570 1983 .
621 1956 642 1983 a
671 1974 680 1982 .
708 1957 755 1983 12
780 1971 794 1983 .

413 1997 583 2091 deffbl’l
593 1955 669 2036 ξιξ
677 1956 904 2090 Οὗκέἡξίουν.
923 2017 969 2035 -ε
993 1991 1288 2050 ὓγεμονεὺεσὸω
1315 1988 1380 2046 ὑφ’
1401 1989 1502 2044 §uzu
1514 1992 1541 2043 >4
1556 1990 1649 2034 vidi

387 2062 411 2090 a
493 2064 504 2089 1
534 2082 542 2090 .
593 2082 605 2100 ‚
624 2064 671 2091 ca
702 2082 710 2091 .
789 2081 798 2090 .

441 2105 535 2158 Pag.
559 2105 649 2146 262.
683 2135 693 2144 .
717 2063 755 2159 9?
773 2104 827 2144 Ἐν
847 2102 1048 2156 Κυρωνείᾳ)
1067 2101 1150 2143 Lib.
1172 2101 1214 2151 Ι,
1238 2115 1322 2156 cap.
1345 2115 1388 2142 11
1425 2130 1436 2140 .

441 2158 535 2211 Pag.
556 2159 644 2213 263.
664 2160 688 2199 l.
716 2171 776 2199 10.
798 2156 874 2198 Τῶν
889 2156 1100 2210 Ἀθηναίων)
1121 2156 1283 2197 Reaius-
1448 2153 1652 2195 articulum

388 2221 490 2266 puto
511 2213 561 2252 ab
587 2213 657 2254 Ar.
676 2212 724 2254 C.
743 2211 805 2253 Cl.
827 2211 899 2254 Gr.
920 2210 1018 2265 Reg.
1039 2209 1140 2252 caff.
1163 2209 1268 2250 Dan.
1289 2210 1335 2250 In
1359 2209 1431 2250 hac
1453 2208 1654 2257 oratione,

389 2266 435 2307 &
457 2266 547 2307 alias
570 2267 659 2308 data
679 2279 801 2322 opera
822 2266 950 2306 omitti
973 2265 1132 2306 videtur·
1143 2264 1192 2305 ab
1213 2261 1505 2306 Atheniensium
1527 2262 1655 2302 inimi-

390 2320 454 2360 cis.
477 2334 516 2360 v.
539 2320 600 2361 VI
612 2351 627 2368 ,
676 2336 724 2370 4,
741 2320 809 2361 ubi
830 2333 891 2361 res
907 2320 1034 2360 minus
1055 2316 1237 2368 honesta,
1254 2317 1296 2359 δι
1313 2319 1367 2356 τὰ
1381 2315 1454 2356 τῶν
1474 2314 1653 2355 ἐναντίων.

390 2373 434 2413 ὃ(
459 2373 534 2420 IV,
555 2374 618 2414 61.
640 2335 742 2415 ἅπτε
773 2373 804 2414 οἱ
836 2373 1062 2422 delendum,
1090 2373 1147 2413 uti
1175 2372 1217 2413 &
1246 2371 1294 2418 1,
1315 2371 1388 2424 69,
1416 2368 1484 2410 ubi
1511 2369 1656 2410 omittit

389 2425 641 2474 Caff.,Aliter
661 2439 789 2469 tamen
813 2428 990 2480 loquitur
1005 2426 1043 2467 ΙΙ
1056 2456 1070 2473 ,
1094 2439 1156 2467 20.

445 2481 538 2536 Pag.
560 2481 652 2538 265.
671 2483 698 2524 l.
723 2495 758 2523 2.
783 2477 965 2535 offam)
988 2482 1078 2522 Hoc
1097 2481 1136 2520 in
1159 2477 1249 2521 edit.
1272 2477 1408 2521 Oxon.
1432 2476 1532 2518 inter
1552 2489 1657 2518 erra·
