1734 3158
336 200 434 268 438
545 199 1426 251 ANNOTArroNEs

338 289 417 331 siau
439 289 570 344 potius
591 289 708 331 credo
725 288 906 344 scripfiffe
928 290 1227 343 Thucydidem,
1247 304 1368 346 quam
1387 294 1432 332 ’τὶν
1457 292 1620 346 χωρίον,

338 344 448 398 quod
466 342 521 384 est
544 345 584 384 in
611 343 809 385 nonnullis
833 342 919 384 Mff.
945 345 1063 385 Erant
1082 346 1156 385 iam
1180 345 1275 386 olim
1307 345 1456 387 diverih
1502 359 1624 388 enera

340 399 489 439 civium
503 429 515 448 ‚
543 397 574 438 οἱ
597 397 639 438 ἐκ.
665 395 733 438 τοῦ
753 396 891 438 πεέίου
907 429 919 444 ,
939 399 981 439 &
1005 399 1039 439 οἱ
1061 399 1244 451 πάραλοι.
1267 399 1462 441 Herodot.
1482 421 1485 423 ·
1516 432 1530 451 ,
1558 414 1619 455 59.
1647 416 1654 423 ·

339 450 408 492 De
430 451 568 493 Paralo
591 452 668 492 vid.
694 451 919 505 interpretes
944 452 1127 507 Stephani
1148 453 1196 493 ad
1215 452 1334 495 Ἀκτὺ
1358 453 1401 495 &
1423 454 1621 509 Πάραλος.

339 505 508 547 Pertinet
531 505 610 547 huc
635 506 746 546 locus
767 506 948 546 Thomae
971 507 1078 561 Mag.
1107 503 1159 547 Οὐ
1187 506 1293 560 μόνον
1315 507 1506 562 παράλιος
1537 507 1623 562 χό-

339 576 416 614 pot,
443 561 554 601 ἀλλὰ.
572 560 640 600 καὶ
665 558 853 613 πάραλος.
882 560 1048 600 oannes.

397 617 473 654 ead.
497 615 522 654 l.
553 627 616 655 12.
640 613 796 667 Λαυρίου
815 614 946 668 ἵρους)
963 616 1095 667 ’Ὀρους
1118 613 1260 656 omittit
1281 616 1399 656 etiam
1426 615 1561 658 Suidas
1580 615 1623 658 in

340 667 557 723 ἀργυροῦν,
579 667 650 708 ubi
675 680 749 721 pro
783 661 828 707 οἷῖ
855 669 910 706 τα
937 667 1029 721 legit
1054 667 1149 708 ’ὅπου
1178 669 1270 723 airy.
1291 682 1429 725 prave.
1457 669 1619 711 Pausan.

342 737 385 777 p.
416 737 463 771 2,
495 722 653 762 πλέοντι
683 721 721 760 ἐς
744 723 788 760 το
813 721 945 774 προσ-ω
966 721 1120 775 Λαύριόν
1143 737 1189 763 τε
1212 724 1296 763 ἐστι
1320 725 1384 764 καὶ
1407 722 1514 765 νῆσος
1541 722 1564 764 ἕ
1581 737 1624 765 n-

345 790 421 829 μος
438 771 477 815 οὗ
495 775 657 828 μεγάλη
671 805 683 823 ,
706 772 934 828 Πατρόκλου
956 776 1183 828 καλουμένη.
1202 779 1346 818 WAss.
1368 777 1518 832 Λαύριον
1558 790 1624 818 me

345 829 560 871 adieffione
583 828 646 869 illa
667 827 748 869 fere
767 828 898 870 dicunt
920 840 1084 870 veteres.
1112 830 1240 871 Schol.
1266 829 1462 887 Aristoph.
1485 832 1622 886 Equit.

348 885 423 935 361
450 884 627 936 Λαύριον,
651 893 691 922 at
724 895 821 938 1091
849 882 1036 938 Λαύρειον.
1060 883 1193 925 Suidas
1222 897 1383 939 quoque
1406 887 1546 927 variat.
1573 886 1626 926 Et

345 937 387 979 in
414 937 600 990 Thucyd.
623 937 704 986 VI,
721 949 768 991 91
791 937 976 990 Λαυρείου.
1002 938 1076 979 Sed
1094 938 1147 978 ibi
1167 938 1299 980 itidem
1322 938 1386 980 alii
1405 941 1573 993 Λαυρίου.

403 992 497 1044 Pag.
517 991 582 1046 83.
612 990 637 1031 l.
676 1004 709 1043 3.
727 989 796 1031 ’Ὠν
824 992 891 1031 καὶ
920 991 1037 1040 τότε)
1064 992 1176 1033 Alios
1205 992 1294 1047 post
1313 991 1384 1042 ὢν,
1415 994 1512 1036 alios
1539 991 1627 1049 post

349 1044 443 1088 τότε
465 1047 765 1100 interpungere,
786 1044 971 1086 admonet
989 1045 1226 1087 Scholiastes.
1251 1047 1403 1088 STEPH.

398 1102 480 1166 lead.
504 1100 528 1139 l.
555 1113 593 1149 7.
621 1098 823 1153 Παραλίαν
853 1098 962 1154 γῆν)
987 1100 1153 1155 Περαίαν
1182 1100 1278 1155 γῆν,
1307 1101 1351 1142 &
1385 1101 1426 1142 in
1452 1101 1627 1156 margine

349 1152 700 1263 παῖὶῖὲῗνὸιξὶῖἢξ.
719 1206 958 1262 Ἑρμιονίέα.)
981 1209 1167 1249 Hermione
1186 1208 1396 1251 Herodoto
1420 1209 1542 1258 VIII,
1557 1221 1626 1261 73.

351 1261 813 1317 Polybio‚Xenophonti
835 1277 872 1317 p.
895 1275 983 1317 515,
1004 1262 1156 1315 Scylaci
1169 1262 1342 1317 *Ερμιώη
1358 1262 1493 1304 favent
1508 1263 1627 1304 etiam

351 1317 474 1357 numi.
505 1316 658 1370 Agrum
687 1317 751 1357 τὴν
782 1315 990 1370 Ἑρμιονίδα
1019 1327 1141 1358 vocat
1171 1318 1212 1358 &
1253 1316 1484 1364 Pausanias,
1513 1317 1628 1364 cuius

352 1370 596 1425 temporibus
613 1369 707 1410 urbs
726 1371 886 1425 antiqua
905 1368 1039 1411 eversa
1061 1381 1165 1419 erat,
1183 1384 1292 1412 nova
1315 1382 1445 1412 autem
1470 1371 1531 1412 lv
1554 1369 1630 1410 sta·-
1708 1366 1711 1368 ’

353 1425 426 1465 diis
442 1439 466 1466 a
512 1425 762 1465 romontorio
779 1424 848 1465 fita
864 1424 931 1465 est.
946 1424 1162 1479 Scriptores
1177 1425 1261 1480 post
1275 1425 1502 1467 Strabonem
1517 1425 1631 1466 Thu-

355 1479 448 1532 cyd.
492 1479 703 1540 cripturam
732 1478 900 1519 servant.
931 1478 1091 1520 Photius
1117 1479 1211 1520 Lex.
1237 1479 1337 1523 ined.
1361 1478 1521 1534 Ἐρμιόνη
1545 1493 1631 1532 χω·

356 1533 427 1588 ρίον
448 1533 589 1574 ἄσυλον
607 1545 645 1572 m
673 1530 968 1588 Peloponneso,
992 1544 1059 1575 aut
1079 1534 1237 1583 civitas,
1257 1533 1327 1575 ubi
1346 1533 1535 1588 templum
1553 1533 1633 1575 Ce-
1707 1571 1711 1574 .

356 1587 462 1629 reris.
488 1587 587 1641 Qua
607 1586 736 1628 Deam
754 1600 900 1642 pompa
919 1586 1122 1635 colebant,
1140 1588 1353 1629 Aristocles
1375 1588 1479 1643 apud
1500 1587 1631 1628 Aelia-

357 1656 454 1684 num
467 1642 514 1682 de
534 1640 700 1682 Animal.
719 1641 839 1682 Lasus
859 1641 1148 1683 Hermionenfis
1167 1642 1268 1697 apud
1291 1641 1540 1683 Athenaeum
1559 1641 1630 1682 do·

356 1709 486 1738 cuere.
511 1696 722 1749 Templum
747 1694 799 1735 ibi
821 1695 986 1748 χθονίας
1007 1709 1031 1736 a
1062 1697 1193 1751 piratis
1222 1696 1434 1751 expilatam
1451 1725 1465 1743 ,
1492 1694 1631 1736 aussor
1704 1716 1706 1718 v

357 1750 587 1792 Plutarchus
600 1751 642 1790 in
661 1750 864 1804 Pompeio.
882 1750 987 1790 Idem
1009 1750 1198 1804 πορφύρας
1217 1749 1438 1802 Ἑρμιονικῖῐς
1451 1751 1490 1789 in
1510 1750 1633 1790 Alex-

358 1805 444 1846 and.
477 1804 660 1846 meminit.
685 1803 751 1845 De
780 1805 890 1845 urbis
914 1804 1064 1858 origine
1084 1804 1196 1845 adeas
1220 1804 1414 1845 Herodot.
1435 1805 1476 1844 &
1500 1803 1633 1844 Athe-

358 1873 514 1956 ιᾶιῐεὲιςιξ.
542 1858 645 1900 Vide
664 1859 755 1900 item
784 1859 941 1900 Suidam
963 1871 1004 1899 v.
1027 1858 1113 1901 ἀνθ’
1134 1858 1320 1914 Ἐρμίωνος
1345 1858 1390 1899 &
1413 1856 1632 1912 “smpisnc.

412 1971 489 2008 ead.
517 1967 541 2007 l.
563 1981 603 2019 7.
633 1965 832 2020 Πρασιὰς)
857 1964 998 2007 Noster
1026 1965 1156 2008 rursus
1184 1966 1299 2008 huius
1329 1966 1435 2007 urbis
1458 1964 1632 2006 meminit

358 2023 462 2072 VII,
485 2020 533 2061 18
549 2052 561 2072 ‚
589 2021 711 2071 VIII,
738 2034 803 2075 95.
825 2020 944 2074 Apud
962 2019 1183 2061 Pausaniam
1211 2021 1369 2074 Βρασιαὶ
1387 2051 1400 2070 ,
1427 2031 1545 2074 atque
1576 2020 1632 2059 ita
1700 2047 1704 2051 -

359 2077 452 2117 citat
485 2075 711 2130 Stephanus.
745 2074 935 2127 Polybius
952 2103 964 2123 ,
996 2073 1144 2128 Scylax
1162 2104 1174 2123 ‚
1209 2074 1454 2116 Ptolemaeus
1481 2072 1634 2126 Hpewn'ae.
1698 2126 1700 2130 Δ

359 2130 542 2170 scribunt.
567 2130 629 2170 Sic
649 2130 766 2170 etiam
791 2127 960 2169 Eustath.
979 2127 1119 2182 Odyff.
1146 2128 1203 2177 Ω’,
1228 2143 1266 2184 p.
1292 2142 1307 2168 1
1340 2129 1405 2179 67.
1429 2126 1632 2168 pluraliter
1699 2166 1702 2167 γ

359 2183 473 2225 effert
494 2183 743 2235 Polyaenus,
769 2182 806 2222 ἐν
835 2182 1038 2235 Πρασίαις.
1071 2182 1278 2224 Pausaniae
1315 2183 1370 2223 cri
1399 2193 1487 2222 tura
1519 2193 1630 2221 men·

361 2237 454 2279 dosa
474 2237 539 2278 est.
561 2238 685 2278 IDEM.
706 2235 904 2290 Aristoph.
918 2237 1007 2277 Pac.
1026 2250 1116 2285 241,
1137 2236 1194 2276 Ἰὼ
1211 2234 1634 2290 Πρασιαιτρισέιθλιαι.

417 2291 509 2345 Pag.
534 2291 598 2346 85.
620 2293 644 2331 l.
666 2305 703 2343 7.
724 2288 893 2344 Ἄγνων)
913 2291 1121 2332 Ἀθηναίους
1148 2288 1476 2331 sesmoernxbrae
1493 2289 1544 2329 εἰς
1561 2287 1633 2328 τὴν

362 2344 581 2398 πολιορκίαν
595 2377 607 2394 ,
627 2345 680 2385 ait
702 2343 906 2385 Diodorus
929 2359 965 2399 p.
999 2357 1077 2397 310
1097 2343 1134 2384 d.
1156 2343 1275 2384 πλείω
1299 2341 1372 2384 τᾶν
1391 2341 1535 2397 χιλίων
1556 2357 1633 2383 τα-

362 2399 519 2442 λάντων.
537 2412 578 2438 ν.
602 2398 786 2439 Nostrum
811 2398 870 2448 ΙΙ,
890 2412 953 2450 70.
975 2397 1099 2438 lom.

419 2454 512 2507 pag.
526 2451 591 2496 86.
612 2453 637 2493 Ι.
660 2466 716 2492 10.
734 2455 845 2492 Μετὰ
858 2475 903 2483 -—
917 2452 1104 2506 ἐγένοντο)
1117 2450 1170 2491 D.
1186 2450 1272 2492 Hal.
1286 2465 1323 2506 p.
1343 2463 1432 2503 232,
1452 2463 1484 2501 5.
1502 2449 1630 2491 lom.
1688 2460 1691 2461 ’

375 2527 382 2531 -
417 2510 493 2550 ead.
514 2507 542 2549 l.
565 2518 625 2548 11.
648 2505 896 2561 Τοέεὑτερον)
921 2508 968 2546 Tb
991 2504 1159 2561 ἒιὺτιρον
1175 2506 1292 2547 etiam
1312 2503 1482 2559 Dionys.
1495 2503 1630 2546 Halic-
1692 2510 1695 2511 ’
