<?xml version="1.0" encoding="UTF-8"?>
<!DOCTYPE html PUBLIC "-//W3C//DTD XHTML 1.0 Transitional//EN"
    "http://www.w3.org/TR/xhtml1/DTD/xhtml1-transitional.dtd">
<html xmlns="http://www.w3.org/1999/xhtml" xml:lang="en" lang="en">
 <head>
  <title>
</title>
<meta http-equiv="Content-Type" content="text/html;charset=utf-8" />
  <meta name='ocr-system' content='tesseract 3.04.00' />
  <meta name='ocr-capabilities' content='ocr_page ocr_carea ocr_par ocr_line ocrx_word'/>
</head>
<body>
  <div class='ocr_page' id='page_1' title='image "./debellopeloponn02thucuoft_0042.png"; bbox 0 0 1734 3158; ppageno 0'>
   <div class='ocr_carea' id='block_1_1' title="bbox 345 194 1321 262">
    <p class='ocr_par' dir='ltr' id='par_1_1' title="bbox 345 194 1321 262">
     <span class='ocr_line' id='line_1_1' title="bbox 345 194 1321 262; baseline -0.002 -17"><span class='ocrx_word' id='word_1_1' title='bbox 345 212 401 262; x_wconf 64' lang='grc' dir='ltr'>μ</span> <span class='ocrx_word' id='word_1_2' title='bbox 631 194 1321 243; x_wconf 77' lang='lat' dir='ltr'><strong>THUCYDIDIS</strong></span> 
     </span>
    </p>
   </div>
   <div class='ocr_carea' id='block_1_2' title="bbox 339 286 1611 1356">
    <p class='ocr_par' dir='ltr' id='par_1_2' title="bbox 339 286 1609 824">
     <span class='ocr_line' id='line_1_2' title="bbox 341 286 1608 366; baseline -0.001 -21"><span class='ocrx_word' id='word_1_3' title='bbox 341 290 519 366; x_wconf 71' lang='grc' dir='ltr'><em>πύργοις</em></span> <span class='ocrx_word' id='word_1_4' title='bbox 541 314 619 343; x_wconf 84' lang='grc' dir='ltr'>των</span> <span class='ocrx_word' id='word_1_5' title='bbox 640 312 789 353; x_wconf 83' lang='grc' dir='ltr'><em>τειχων</em></span> <span class='ocrx_word' id='word_1_6' title='bbox 812 286 994 345; x_wconf 78' lang='grc' dir='ltr'>πολλοι,</span> <span class='ocrx_word' id='word_1_7' title='bbox 1019 313 1096 341; x_wconf 73' lang='grc' dir='ltr'>και</span> <span class='ocrx_word' id='word_1_8' title='bbox 1123 292 1178 349; x_wconf 77' lang='grc' dir='ltr'>ὡς</span> <span class='ocrx_word' id='word_1_9' title='bbox 1202 286 1385 349; x_wconf 66' lang='grc' dir='ltr'><em>ἕκαστος</em></span> <span class='ocrx_word' id='word_1_10' title='bbox 1409 313 1492 344; x_wconf 87' lang='grc' dir='ltr'>που</span> <span class='ocrx_word' id='word_1_11' title='bbox 1518 290 1608 346; x_wconf 56' lang='lat'>&#39;2312&#39;-</span> 
     </span>
     <span class='ocr_line' id='line_1_3' title="bbox 342 365 1608 439; baseline -0.002 -17"><span class='ocrx_word' id='word_1_12' title='bbox 342 393 453 423; x_wconf 70' lang='lat' dir='ltr'>vot-ro.</span> <span class='ocrx_word' id='word_1_13' title='bbox 467 371 511 421; x_wconf 87' lang='grc' dir='ltr'>οὐ</span> <span class='ocrx_word' id='word_1_14' title='bbox 530 389 622 435; x_wconf 72' lang='grc' dir='ltr'>’γαρ</span> <span class='ocrx_word' id='word_1_15' title='bbox 638 366 825 439; x_wconf 71' lang='grc' dir='ltr'><em>ἒχωρησε</em></span> <span class='ocrx_word' id='word_1_16' title='bbox 844 365 1107 429; x_wconf 71' lang='grc' dir='ltr'><em>ξυνελθοντοις</em></span> <span class='ocrx_word' id='word_1_17' title='bbox 1123 365 1273 425; x_wconf 69' lang='grc' dir='ltr'><em>αὐτους</em></span> <span class='ocrx_word' id='word_1_18' title='bbox 1288 370 1310 429; x_wconf 78' lang='grc' dir='ltr'><em>ἦ</em></span> <span class='ocrx_word' id='word_1_19' title='bbox 1326 367 1477 427; x_wconf 76' lang='grc' dir='ltr'><em>πολις,</em></span> <span class='ocrx_word' id='word_1_20' title='bbox 1495 370 1608 421; x_wconf 77' lang='grc' dir='ltr'>ἀλλ’</span> 
     </span>
     <span class='ocr_line' id='line_1_4' title="bbox 341 433 1608 532; baseline 0.001 -32"><span class='ocrx_word' id='word_1_21' title='bbox 341 468 501 518; x_wconf 64' lang='grc' dir='ltr'><em>κισ-τερον</em></span> <span class='ocrx_word' id='word_1_22' title='bbox 517 438 564 504; x_wconf 68' lang='grc' dir='ltr'>δη</span> <span class='ocrx_word' id='word_1_23' title='bbox 580 467 640 494; x_wconf 80' lang='grc' dir='ltr'>τοι</span> <span class='ocrx_word' id='word_1_24' title='bbox 654 464 699 494; x_wconf 89' lang='grc' dir='ltr'>τε</span> <span class='ocrx_word' id='word_1_25' title='bbox 720 465 878 515; x_wconf 70' lang='grc' dir='ltr'><em>μακροο</em></span> <span class='ocrx_word' id='word_1_26' title='bbox 896 448 1014 505; x_wconf 80' lang='grc' dir='ltr'><em>τείχη</em></span> <span class='ocrx_word' id='word_1_27' title='bbox 1032 433 1204 513; x_wconf 52' lang='lat' dir='ltr'>§mna-w</span> <span class='ocrx_word' id='word_1_28' title='bbox 1223 444 1582 532; x_wconf 66' lang='grc' dir='ltr'><em>κατανειμάμενοι</em></span> <span class='ocrx_word' id='word_1_29' title='bbox 1593 482 1608 501; x_wconf 79' lang='grc'><strong>,</strong></span> 
     </span>
     <span class='ocr_line' id='line_1_5' title="bbox 341 511 1608 617; baseline 0 -44"><span class='ocrx_word' id='word_1_30' title='bbox 341 545 420 577; x_wconf 66' lang='grc' dir='ltr'>και</span> <span class='ocrx_word' id='word_1_31' title='bbox 447 521 519 572; x_wconf 81' lang='grc' dir='ltr'>τοῧ</span> <span class='ocrx_word' id='word_1_32' title='bbox 547 516 784 610; x_wconf 80' lang='grc' dir='ltr'><em>Πειροιιέως</em></span> <span class='ocrx_word' id='word_1_33' title='bbox 810 541 871 571; x_wconf 78' lang='grc' dir='ltr'>τοι</span> <span class='ocrx_word' id='word_1_34' title='bbox 896 519 1070 571; x_wconf 73' lang='grc' dir='ltr'>πολλοί,</span> <span class='ocrx_word' id='word_1_35' title='bbox 1099 517 1205 590; x_wconf 66' lang='grc' dir='ltr'>ἅμα,</span> <span class='ocrx_word' id='word_1_36' title='bbox 1232 511 1277 571; x_wconf 71' lang='grc' dir='ltr'>δε</span> <span class='ocrx_word' id='word_1_37' title='bbox 1301 543 1380 571; x_wconf 70' lang='lat' dir='ltr'>nou</span> <span class='ocrx_word' id='word_1_38' title='bbox 1404 545 1481 573; x_wconf 86' lang='grc' dir='ltr'>των</span> <span class='ocrx_word' id='word_1_39' title='bbox 1506 545 1608 617; x_wconf 84' lang='grc' dir='ltr'>προς</span> 
     </span>
     <span class='ocr_line' id='line_1_6' title="bbox 340 593 1607 667; baseline -0.002 -15"><span class='ocrx_word' id='word_1_40' title='bbox 340 623 406 652; x_wconf 90' lang='grc' dir='ltr'>τον</span> <span class='ocrx_word' id='word_1_41' title='bbox 424 595 613 667; x_wconf 69' lang='grc' dir='ltr'>πόλεμον</span> <span class='ocrx_word' id='word_1_42' title='bbox 631 617 824 656; x_wconf 84' lang='grc' dir='ltr'>ηπτοντο,</span> <span class='ocrx_word' id='word_1_43' title='bbox 845 593 1110 666; x_wconf 65' lang='grc' dir='ltr'><em>ξυμμάχους</em></span> <span class='ocrx_word' id='word_1_44' title='bbox 1126 617 1173 647; x_wconf 82' lang='grc' dir='ltr'>τε</span> <span class='ocrx_word' id='word_1_45' title='bbox 1191 601 1444 667; x_wconf 71' lang='grc' dir='ltr'><em>ἀγειροντες,</em></span> <span class='ocrx_word' id='word_1_46' title='bbox 1462 594 1540 649; x_wconf 59' lang='grc' dir='ltr'>καὶ</span> <span class='ocrx_word' id='word_1_47' title='bbox 1558 621 1607 661; x_wconf 75' lang='grc' dir='ltr'>τη</span> 
     </span>
     <span class='ocr_line' id='line_1_7' title="bbox 339 669 1609 745; baseline -0.004 -16"><span class='ocrx_word' id='word_1_48' title='bbox 339 669 697 742; x_wconf 75' lang='grc' dir='ltr'><em>Πελοποννησῳ</em></span> <span class='ocrx_word' id='word_1_49' title='bbox 683 693 829 723; x_wconf 79' lang='grc' dir='ltr'><em>εκοοτον</em></span> <span class='ocrx_word' id='word_1_50' title='bbox 850 693 942 724; x_wconf 69' lang='lat' dir='ltr'>mov</span> <span class='ocrx_word' id='word_1_51' title='bbox 963 673 1168 724; x_wconf 75' lang='grc' dir='ltr'>ἐπίπλουν</span> <span class='ocrx_word' id='word_1_52' title='bbox 1191 670 1456 745; x_wconf 76' lang='grc' dir='ltr'><em>ὲξοιρτύοντες.</em></span> <span class='ocrx_word' id='word_1_53' title='bbox 1477 695 1554 724; x_wconf 73' lang='lat' dir='ltr'>ma</span> <span class='ocrx_word' id='word_1_54' title='bbox 1574 679 1609 724; x_wconf 87' lang='grc' dir='ltr'>οἱ</span> 
     </span>
     <span class='ocr_line' id='line_1_8' title="bbox 339 741 1076 839; baseline -0.008 -34"><span class='ocrx_word' id='word_1_55' title='bbox 339 773 416 824; x_wconf 78' lang='grc' dir='ltr'>μεν</span> <span class='ocrx_word' id='word_1_56' title='bbox 438 753 474 803; x_wconf 81' lang='grc' dir='ltr'>ἐν</span> <span class='ocrx_word' id='word_1_57' title='bbox 495 770 628 816; x_wconf 83' lang='grc' dir='ltr'><em>τουτῳ</em></span> <span class='ocrx_word' id='word_1_58' title='bbox 651 768 931 839; x_wconf 51' lang='lat' dir='ltr'>napata-neum</span> <span class='ocrx_word' id='word_1_59' title='bbox 956 741 1076 807; x_wconf 58' lang='lat' dir='ltr'>{qo-xv.</span> 
     </span>
    </p>

    <p class='ocr_par' dir='ltr' id='par_1_3' title="bbox 341 815 1611 1356">
     <span class='ocr_line' id='line_1_9' title="bbox 418 815 1611 915; baseline -0.002 -37"><span class='ocrx_word' id='word_1_60' title='bbox 418 819 478 887; x_wconf 72' lang='grc' dir='ltr'>ιη’.</span> <span class='ocrx_word' id='word_1_61' title='bbox 499 824 562 877; x_wconf 88' lang='lat' dir='ltr'>O</span> <span class='ocrx_word' id='word_1_62' title='bbox 580 818 624 876; x_wconf 72' lang='grc' dir='ltr'>ὃε</span> <span class='ocrx_word' id='word_1_63' title='bbox 639 846 817 897; x_wconf 59' lang='lat' dir='ltr'>erpa-rog</span> <span class='ocrx_word' id='word_1_64' title='bbox 834 846 912 875; x_wconf 85' lang='grc' dir='ltr'>των</span> <span class='ocrx_word' id='word_1_65' title='bbox 927 823 1272 885; x_wconf 60' lang='grc' dir='ltr'><em>Πελοποννησιῖον</em></span> <span class='ocrx_word' id='word_1_66' title='bbox 1263 815 1430 915; x_wconf 71' lang='grc' dir='ltr'>προίων</span> <span class='ocrx_word' id='word_1_67' title='bbox 1446 828 1611 888; x_wconf 71' lang='grc' dir='ltr'><em>ἀφίκε-</em></span> 
     </span>
     <span class='ocr_line' id='line_1_10' title="bbox 343 896 1609 971; baseline -0.003 -15"><span class='ocrx_word' id='word_1_68' title='bbox 343 927 389 956; x_wconf 86' lang='grc' dir='ltr'>το</span> <span class='ocrx_word' id='word_1_69' title='bbox 406 925 478 964; x_wconf 84' lang='grc' dir='ltr'>της</span> <span class='ocrx_word' id='word_1_70' title='bbox 495 899 718 960; x_wconf 62' lang='lat' dir='ltr'>’Arnum&#39;</span> <span class='ocrx_word' id='word_1_71' title='bbox 708 922 747 958; x_wconf 82' lang='grc' dir='ltr'>ες</span> <span class='ocrx_word' id='word_1_72' title='bbox 768 898 916 959; x_wconf 83' lang='grc' dir='ltr'><em>Οἱνοην</em></span> <span class='ocrx_word' id='word_1_73' title='bbox 934 922 1115 971; x_wconf 76' lang='grc' dir='ltr'>πρωτον,</span> <span class='ocrx_word' id='word_1_74' title='bbox 1137 899 1240 968; x_wconf 77' lang='grc' dir='ltr'>ᾑπερ</span> <span class='ocrx_word' id='word_1_75' title='bbox 1263 896 1447 971; x_wconf 66' lang='grc' dir='ltr'><em>ἔμελλον</em></span> <span class='ocrx_word' id='word_1_76' title='bbox 1463 902 1609 962; x_wconf 73' lang='grc' dir='ltr'><em>ἐσβαι-</em></span> 
     </span>
     <span class='ocr_line' id='line_1_11' title="bbox 342 972 1608 1072; baseline -0.002 -40"><span class='ocrx_word' id='word_1_77' title='bbox 342 981 444 1032; x_wconf 81' lang='grc' dir='ltr'><em>λειν.</em></span> <span class='ocrx_word' id='word_1_78' title='bbox 461 999 538 1030; x_wconf 68' lang='lat' dir='ltr'>nou</span> <span class='ocrx_word' id='word_1_79' title='bbox 559 978 613 1034; x_wconf 75' lang='grc' dir='ltr'>ὡς</span> <span class='ocrx_word' id='word_1_80' title='bbox 633 972 884 1040; x_wconf 68' lang='grc' dir='ltr'><em>ἐκαθέζοντο,</em></span> <span class='ocrx_word' id='word_1_81' title='bbox 902 973 1158 1048; x_wconf 69' lang='grc' dir='ltr'><em>προο-βολέος</em></span> <span class='ocrx_word' id='word_1_82' title='bbox 1173 975 1530 1072; x_wconf 67' lang='grc' dir='ltr'>παρεσκευαζοντο</span> <span class='ocrx_word' id='word_1_83' title='bbox 1545 976 1608 1048; x_wconf 75' lang='grc' dir='ltr'><em>τῷ</em></span> 
     </span>
     <span class='ocr_line' id='line_1_12' title="bbox 341 1051 1609 1136; baseline -0.003 -28"><span class='ocrx_word' id='word_1_84' title='bbox 341 1060 476 1118; x_wconf 80' lang='grc' dir='ltr'><em>τείχει</em></span> <span class='ocrx_word' id='word_1_85' title='bbox 505 1074 765 1136; x_wconf 73' lang='grc' dir='ltr'><em>ποιησομενοι</em></span> <span class='ocrx_word' id='word_1_86' title='bbox 793 1074 1015 1123; x_wconf 68' lang='grc' dir='ltr'>μηχανωις</span> <span class='ocrx_word' id='word_1_87' title='bbox 1041 1074 1086 1104; x_wconf 88' lang='grc' dir='ltr'>τε</span> <span class='ocrx_word' id='word_1_88' title='bbox 1120 1075 1197 1104; x_wconf 72' lang='grc' dir='ltr'>και</span> <span class='ocrx_word' id='word_1_89' title='bbox 1229 1051 1368 1123; x_wconf 67' lang='grc' dir='ltr'>ἄλλῳ</span> <span class='ocrx_word' id='word_1_90' title='bbox 1397 1072 1552 1125; x_wconf 79' lang='grc' dir='ltr'><em>τροπῳ.</em></span> <span class='ocrx_word' id='word_1_91' title='bbox 1585 1055 1609 1114; x_wconf 78' lang='grc' dir='ltr'><em>ἦ</em></span> 
     </span>
     <span class='ocr_line' id='line_1_13' title="bbox 343 1126 1607 1200; baseline -0.002 -18"><span class='ocrx_word' id='word_1_92' title='bbox 343 1154 436 1199; x_wconf 69' lang='grc' dir='ltr'>γαρ</span> <span class='ocrx_word' id='word_1_93' title='bbox 455 1128 583 1190; x_wconf 69' lang='grc' dir='ltr'>Οἰνόη</span> <span class='ocrx_word' id='word_1_94' title='bbox 602 1135 714 1181; x_wconf 81' lang='grc' dir='ltr'><em>οὑσ-οι</em></span> <span class='ocrx_word' id='word_1_95' title='bbox 733 1131 769 1180; x_wconf 76' lang='grc' dir='ltr'>ὲν</span> <span class='ocrx_word' id='word_1_96' title='bbox 781 1132 973 1200; x_wconf 76' lang='grc' dir='ltr'><em>μεθορίοις</em></span> <span class='ocrx_word' id='word_1_97' title='bbox 993 1152 1064 1188; x_wconf 83' lang='grc' dir='ltr'>της</span> <span class='ocrx_word' id='word_1_98' title='bbox 1086 1127 1279 1189; x_wconf 64' lang='lat' dir='ltr'>&#39;Arnum</span> <span class='ocrx_word' id='word_1_99' title='bbox 1296 1151 1374 1181; x_wconf 76' lang='grc' dir='ltr'>και</span> <span class='ocrx_word' id='word_1_100' title='bbox 1353 1126 1607 1187; x_wconf 67' lang='grc' dir='ltr'><em>Βοιωτίας.</em></span> 
     </span>
     <span class='ocr_line' id='line_1_14' title="bbox 345 1204 1610 1297; baseline -0.002 -37"><span class='ocrx_word' id='word_1_101' title='bbox 345 1209 598 1269; x_wconf 73' lang='grc' dir='ltr'><em>ἐτετείχιστο</em></span> <span class='ocrx_word' id='word_1_102' title='bbox 613 1243 625 1261; x_wconf 87' lang='grc'>,</span> <span class='ocrx_word' id='word_1_103' title='bbox 653 1228 731 1256; x_wconf 75' lang='grc' dir='ltr'>και</span> <span class='ocrx_word' id='word_1_104' title='bbox 757 1204 878 1276; x_wconf 67' lang='grc' dir='ltr'>αὐτῷ</span> <span class='ocrx_word' id='word_1_105' title='bbox 944 1209 1080 1277; x_wconf 77' lang='grc' dir='ltr'><em>ρουρίῳ</em></span> <span class='ocrx_word' id='word_1_106' title='bbox 1110 1210 1145 1256; x_wconf 82' lang='grc' dir='ltr'>οἱ</span> <span class='ocrx_word' id='word_1_107' title='bbox 1175 1204 1423 1266; x_wconf 71' lang='grc' dir='ltr'><em>Ἀθηναιοι’</em></span> <span class='ocrx_word' id='word_1_108' title='bbox 1406 1228 1610 1297; x_wconf 64' lang='grc' dir='ltr'><em>εχρωντο,</em></span> 
     </span>
     <span class='ocr_line' id='line_1_15' title="bbox 344 1275 1610 1356; baseline -0.002 -21"><span class='ocrx_word' id='word_1_109' title='bbox 344 1282 468 1335; x_wconf 77' lang='grc' dir='ltr'><em>ὃποτε</em></span> <span class='ocrx_word' id='word_1_110' title='bbox 480 1281 673 1353; x_wconf 77' lang='grc' dir='ltr'>πολεμος</span> <span class='ocrx_word' id='word_1_111' title='bbox 684 1280 961 1343; x_wconf 66' lang='grc' dir='ltr'><em>καταλάβοι.</em></span> <span class='ocrx_word' id='word_1_112' title='bbox 976 1279 1056 1339; x_wconf 65' lang='grc' dir='ltr'><em>τοῖς</em></span> <span class='ocrx_word' id='word_1_113' title='bbox 1068 1302 1112 1332; x_wconf 81' lang='grc' dir='ltr'>τε</span> <span class='ocrx_word' id='word_1_114' title='bbox 1125 1275 1190 1334; x_wconf 80' lang='grc' dir='ltr'>οὐν</span> <span class='ocrx_word' id='word_1_115' title='bbox 1202 1278 1461 1355; x_wconf 73' lang='grc' dir='ltr'><em>προσ-βολοος</em></span> <span class='ocrx_word' id='word_1_116' title='bbox 1473 1285 1610 1356; x_wconf 79' lang='grc' dir='ltr'><em>ηὐτρε-</em></span> 
     </span>
    </p>
   </div>
   <div class='ocr_carea' id='block_1_3' title="bbox 342 1436 1646 1986">
    <p class='ocr_par' dir='ltr' id='par_1_4' title="bbox 342 1436 1646 1986">
     <span class='ocr_line' id='line_1_16' title="bbox 346 1436 1646 1493; baseline 0.001 -13"><span class='ocrx_word' id='word_1_117' title='bbox 346 1439 559 1481; x_wconf 79' lang='lat' dir='ltr'>habitatum</span> <span class='ocrx_word' id='word_1_118' title='bbox 580 1439 640 1479; x_wconf 86' lang='lat' dir='ltr'>iri.</span> <span class='ocrx_word' id='word_1_119' title='bbox 663 1436 781 1478; x_wconf 83' lang='lat' dir='ltr'>Multi</span> <span class='ocrx_word' id='word_1_120' title='bbox 804 1436 919 1477; x_wconf 80' lang='lat' dir='ltr'>etiam</span> <span class='ocrx_word' id='word_1_121' title='bbox 943 1438 983 1477; x_wconf 90' lang='lat' dir='ltr'>in</span> <span class='ocrx_word' id='word_1_122' title='bbox 1002 1436 1091 1493; x_wconf 87' lang='lat' dir='ltr'>ipfis</span> <span class='ocrx_word' id='word_1_123' title='bbox 1113 1451 1320 1480; x_wconf 88' lang='lat' dir='ltr'><strong>murorum</strong></span> <span class='ocrx_word' id='word_1_124' title='bbox 1345 1438 1515 1480; x_wconf 84' lang='lat' dir='ltr'>turribus</span> <span class='ocrx_word' id='word_1_125' title='bbox 1541 1439 1614 1481; x_wconf 89' lang='lat' dir='ltr'>do·</span> <span class='ocrx_word' id='word_1_126' title='bbox 1643 1459 1646 1462; x_wconf 49' lang='lat'><strong>⁴</strong></span> 
     </span>
     <span class='ocr_line' id='line_1_17' title="bbox 342 1508 1614 1565; baseline 0 -13"><span class='ocrx_word' id='word_1_127' title='bbox 342 1511 481 1552; x_wconf 88' lang='lat' dir='ltr'>micilia</span> <span class='ocrx_word' id='word_1_128' title='bbox 503 1509 572 1550; x_wconf 81' lang='lat' dir='ltr'>fibi</span> <span class='ocrx_word' id='word_1_129' title='bbox 598 1518 782 1564; x_wconf 86' lang='lat' dir='ltr'>pararunt</span> <span class='ocrx_word' id='word_1_130' title='bbox 795 1540 808 1559; x_wconf 91' lang='lat'>‚</span> <span class='ocrx_word' id='word_1_131' title='bbox 834 1508 1000 1563; x_wconf 83' lang='lat' dir='ltr'>denique</span> <span class='ocrx_word' id='word_1_132' title='bbox 1022 1519 1144 1563; x_wconf 90' lang='lat' dir='ltr'>prout</span> <span class='ocrx_word' id='word_1_133' title='bbox 1163 1509 1324 1564; x_wconf 86' lang='lat' dir='ltr'>quisque</span> <span class='ocrx_word' id='word_1_134' title='bbox 1342 1520 1506 1565; x_wconf 86' lang='lat' dir='ltr'>poterat.</span> <span class='ocrx_word' id='word_1_135' title='bbox 1540 1524 1614 1553; x_wconf 85' lang='lat' dir='ltr'>nec</span> 
     </span>
     <span class='ocr_line' id='line_1_18' title="bbox 342 1579 1616 1635; baseline 0.001 -14"><span class='ocrx_word' id='word_1_136' title='bbox 342 1581 446 1622; x_wconf 87' lang='lat' dir='ltr'>enim</span> <span class='ocrx_word' id='word_1_137' title='bbox 478 1579 573 1620; x_wconf 89' lang='lat' dir='ltr'><strong>urbs</strong></span> <span class='ocrx_word' id='word_1_138' title='bbox 599 1592 761 1629; x_wconf 90' lang='lat' dir='ltr'>omnes,</span> <span class='ocrx_word' id='word_1_139' title='bbox 790 1579 861 1633; x_wconf 93' lang='lat' dir='ltr'>qui</span> <span class='ocrx_word' id='word_1_140' title='bbox 890 1592 941 1620; x_wconf 91' lang='lat' dir='ltr'>eo</span> <span class='ocrx_word' id='word_1_141' title='bbox 974 1590 1265 1628; x_wconf 83' lang='lat' dir='ltr'>convenerant,</span> <span class='ocrx_word' id='word_1_142' title='bbox 1291 1593 1432 1635; x_wconf 84' lang='lat' dir='ltr'>capere</span> <span class='ocrx_word' id='word_1_143' title='bbox 1462 1581 1616 1635; x_wconf 85' lang='lat' dir='ltr'>potuit:</span> 
     </span>
     <span class='ocr_line' id='line_1_19' title="bbox 342 1648 1616 1704; baseline 0 -14"><span class='ocrx_word' id='word_1_144' title='bbox 342 1649 405 1690; x_wconf 89' lang='lat' dir='ltr'>sed</span> <span class='ocrx_word' id='word_1_145' title='bbox 428 1648 560 1704; x_wconf 86' lang='lat' dir='ltr'>postea</span> <span class='ocrx_word' id='word_1_146' title='bbox 583 1648 726 1702; x_wconf 88' lang='lat' dir='ltr'>longos</span> <span class='ocrx_word' id='word_1_147' title='bbox 743 1661 879 1689; x_wconf 87' lang='lat' dir='ltr'>muros</span> <span class='ocrx_word' id='word_1_148' title='bbox 902 1649 1172 1699; x_wconf 84' lang='lat' dir='ltr'>incoluerunt,</span> <span class='ocrx_word' id='word_1_149' title='bbox 1190 1663 1262 1691; x_wconf 91' lang='lat' dir='ltr'>eos</span> <span class='ocrx_word' id='word_1_150' title='bbox 1282 1650 1382 1690; x_wconf 90' lang='lat' dir='ltr'>inter</span> <span class='ocrx_word' id='word_1_151' title='bbox 1399 1648 1437 1690; x_wconf 88' lang='lat' dir='ltr'>se</span> <span class='ocrx_word' id='word_1_152' title='bbox 1458 1650 1616 1704; x_wconf 85' lang='lat' dir='ltr'>partiti,</span> 
     </span>
     <span class='ocr_line' id='line_1_20' title="bbox 343 1717 1616 1773; baseline 0.001 -13"><span class='ocrx_word' id='word_1_153' title='bbox 343 1731 601 1773; x_wconf 85' lang='lat' dir='ltr'>magnamque</span> <span class='ocrx_word' id='word_1_154' title='bbox 613 1717 758 1758; x_wconf 76' lang='lat' dir='ltr'>piraeei</span> <span class='ocrx_word' id='word_1_155' title='bbox 780 1728 943 1773; x_wconf 86' lang='lat' dir='ltr'>partem.</span> <span class='ocrx_word' id='word_1_156' title='bbox 964 1718 1085 1760; x_wconf 90' lang='lat' dir='ltr'>Simul</span> <span class='ocrx_word' id='word_1_157' title='bbox 1103 1719 1220 1760; x_wconf 86' lang='lat' dir='ltr'>etiam</span> <span class='ocrx_word' id='word_1_158' title='bbox 1242 1732 1303 1760; x_wconf 89' lang='lat' dir='ltr'>res</span> <span class='ocrx_word' id='word_1_159' title='bbox 1321 1718 1370 1759; x_wconf 90' lang='lat' dir='ltr'>ad</span> <span class='ocrx_word' id='word_1_160' title='bbox 1386 1718 1531 1761; x_wconf 89' lang='lat' dir='ltr'>bellum</span> <span class='ocrx_word' id='word_1_161' title='bbox 1546 1733 1616 1761; x_wconf 87' lang='lat' dir='ltr'>ne·</span> 
     </span>
     <span class='ocr_line' id='line_1_21' title="bbox 344 1787 1615 1844; baseline -0.002 -12"><span class='ocrx_word' id='word_1_162' title='bbox 344 1790 517 1832; x_wconf 79' lang='lat' dir='ltr'>ceffarias</span> <span class='ocrx_word' id='word_1_163' title='bbox 542 1801 679 1843; x_wconf 86' lang='lat' dir='ltr'>parare</span> <span class='ocrx_word' id='word_1_164' title='bbox 702 1799 919 1843; x_wconf 88' lang='lat' dir='ltr'>coeperunt</span> <span class='ocrx_word' id='word_1_165' title='bbox 934 1819 948 1839; x_wconf 92' lang='lat'><strong>,</strong></span> <span class='ocrx_word' id='word_1_166' title='bbox 972 1798 1055 1830; x_wconf 87' lang='lat' dir='ltr'>tum</span> <span class='ocrx_word' id='word_1_167' title='bbox 1083 1787 1282 1831; x_wconf 83' lang='lat' dir='ltr'>sociorum</span> <span class='ocrx_word' id='word_1_168' title='bbox 1307 1788 1447 1830; x_wconf 69' lang='lat' dir='ltr'>auxilia</span> <span class='ocrx_word' id='word_1_169' title='bbox 1471 1802 1615 1844; x_wconf 88' lang='lat' dir='ltr'>cogen-</span> 
     </span>
     <span class='ocr_line' id='line_1_22' title="bbox 343 1858 1616 1918; baseline -0.003 -15"><span class='ocrx_word' id='word_1_170' title='bbox 343 1872 426 1911; x_wconf 87' lang='lat' dir='ltr'><strong>tes,</strong></span> <span class='ocrx_word' id='word_1_171' title='bbox 451 1860 495 1901; x_wconf 88' lang='lat'>&amp;</span> <span class='ocrx_word' id='word_1_172' title='bbox 517 1858 748 1900; x_wconf 87' lang='lat' dir='ltr'>instruentes</span> <span class='ocrx_word' id='word_1_173' title='bbox 775 1870 932 1901; x_wconf 88' lang='lat' dir='ltr'>centum</span> <span class='ocrx_word' id='word_1_174' title='bbox 956 1859 1125 1901; x_wconf 83' lang='lat' dir='ltr'>navium·</span> <span class='ocrx_word' id='word_1_175' title='bbox 1142 1858 1292 1901; x_wconf 83' lang='lat' dir='ltr'>claffem</span> <span class='ocrx_word' id='word_1_176' title='bbox 1307 1889 1320 1909; x_wconf 90' lang='lat'><strong>,</strong></span> <span class='ocrx_word' id='word_1_177' title='bbox 1344 1871 1463 1913; x_wconf 84' lang='lat' dir='ltr'>quam</span> <span class='ocrx_word' id='word_1_178' title='bbox 1486 1859 1527 1898; x_wconf 89' lang='lat' dir='ltr'>in</span> <span class='ocrx_word' id='word_1_179' title='bbox 1545 1858 1616 1918; x_wconf 86' lang='lat' dir='ltr'>Pe-</span> 
     </span>
     <span class='ocr_line' id='line_1_23' title="bbox 342 1928 1613 1986; baseline -0.001 -16"><span class='ocrx_word' id='word_1_180' title='bbox 342 1928 601 1986; x_wconf 83' lang='lat' dir='ltr'>loponnesum</span> <span class='ocrx_word' id='word_1_181' title='bbox 622 1930 832 1971; x_wconf 87' lang='lat' dir='ltr'>mitterent.</span> <span class='ocrx_word' id='word_1_182' title='bbox 852 1930 914 1972; x_wconf 87' lang='lat' dir='ltr'>Ac</span> <span class='ocrx_word' id='word_1_183' title='bbox 933 1930 1186 1973; x_wconf 87' lang='lat' dir='ltr'>Athenienses</span> <span class='ocrx_word' id='word_1_184' title='bbox 1205 1930 1360 1985; x_wconf 83' lang='lat' dir='ltr'>quidem</span> <span class='ocrx_word' id='word_1_185' title='bbox 1378 1929 1420 1970; x_wconf 90' lang='lat' dir='ltr'>in</span> <span class='ocrx_word' id='word_1_186' title='bbox 1440 1929 1518 1972; x_wconf 88' lang='lat' dir='ltr'>hoc</span> <span class='ocrx_word' id='word_1_187' title='bbox 1540 1941 1613 1983; x_wconf 88' lang='lat' dir='ltr'>ap·</span> 
     </span>
    </p>
   </div>
   <div class='ocr_carea' id='block_1_4' title="bbox 343 2000 828 2055">
    <p class='ocr_par' dir='ltr' id='par_1_5' title="bbox 343 2000 828 2055">
     <span class='ocr_line' id='line_1_24' title="bbox 343 2000 828 2055; baseline 0 -15"><span class='ocrx_word' id='word_1_188' title='bbox 343 2010 483 2055; x_wconf 79' lang='lat' dir='ltr'>paratu</span> <span class='ocrx_word' id='word_1_189' title='bbox 503 2010 613 2039; x_wconf 87' lang='lat' dir='ltr'>erant</span> <span class='ocrx_word' id='word_1_190' title='bbox 635 2000 828 2054; x_wconf 86' lang='lat' dir='ltr'>occupati.</span> 
     </span>
    </p>
   </div>
   <div class='ocr_carea' id='block_1_5' title="bbox 343 2068 1615 2545">
    <p class='ocr_par' dir='ltr' id='par_1_6' title="bbox 343 2068 1615 2545">
     <span class='ocr_line' id='line_1_25' title="bbox 397 2068 1614 2125; baseline 0 -15"><span class='ocrx_word' id='word_1_191' title='bbox 397 2068 546 2110; x_wconf 87' lang='lat' dir='ltr'><strong>XVIII.</strong></span> <span class='ocrx_word' id='word_1_192' title='bbox 570 2068 968 2111; x_wconf 80' lang='lat' dir='ltr'>Lacedaemoniorum</span> <span class='ocrx_word' id='word_1_193' title='bbox 985 2084 1086 2112; x_wconf 85' lang='lat' dir='ltr'>vero</span> <span class='ocrx_word' id='word_1_194' title='bbox 1104 2070 1296 2111; x_wconf 81' lang='lat' dir='ltr'>exercitus</span> <span class='ocrx_word' id='word_1_195' title='bbox 1310 2068 1547 2125; x_wconf 85' lang='lat' dir='ltr'>progreffus‚</span> <span class='ocrx_word' id='word_1_196' title='bbox 1563 2068 1614 2110; x_wconf 85' lang='lat' dir='ltr'>ad</span> 
     </span>
     <span class='ocr_line' id='line_1_26' title="bbox 344 2137 1614 2196; baseline -0.002 -16"><span class='ocrx_word' id='word_1_197' title='bbox 344 2138 516 2180; x_wconf 72' lang='lat' dir='ltr'>Oenoen</span> <span class='ocrx_word' id='word_1_198' title='bbox 528 2169 541 2188; x_wconf 93' lang='lat'><strong>,</strong></span> <span class='ocrx_word' id='word_1_199' title='bbox 565 2138 721 2179; x_wconf 87' lang='lat' dir='ltr'>Atticae</span> <span class='ocrx_word' id='word_1_200' title='bbox 739 2137 934 2180; x_wconf 83' lang='lat' dir='ltr'>castellum</span> <span class='ocrx_word' id='word_1_201' title='bbox 947 2169 959 2189; x_wconf 86' lang='lat'><strong>‚</strong></span> <span class='ocrx_word' id='word_1_202' title='bbox 974 2141 1145 2196; x_wconf 87' lang='lat' dir='ltr'><strong>primum</strong></span> <span class='ocrx_word' id='word_1_203' title='bbox 1168 2139 1370 2194; x_wconf 84' lang='lat' dir='ltr'>pervenit,</span> <span class='ocrx_word' id='word_1_204' title='bbox 1393 2152 1471 2193; x_wconf 87' lang='lat' dir='ltr'>qua</span> <span class='ocrx_word' id='word_1_205' title='bbox 1485 2139 1525 2178; x_wconf 84' lang='lat' dir='ltr'>in</span> <span class='ocrx_word' id='word_1_206' title='bbox 1539 2139 1614 2180; x_wconf 86' lang='lat' dir='ltr'>At-</span> 
     </span>
     <span class='ocr_line' id='line_1_27' title="bbox 343 2209 1613 2266; baseline -0.001 -14"><span class='ocrx_word' id='word_1_207' title='bbox 343 2211 461 2252; x_wconf 85' lang='lat' dir='ltr'><strong>ticam</strong></span> <span class='ocrx_word' id='word_1_208' title='bbox 483 2220 591 2251; x_wconf 87' lang='lat' dir='ltr'>erant</span> <span class='ocrx_word' id='word_1_209' title='bbox 613 2211 812 2265; x_wconf 83' lang='lat' dir='ltr'><strong>irrupturi.</strong></span> <span class='ocrx_word' id='word_1_210' title='bbox 836 2210 942 2252; x_wconf 89' lang='lat' dir='ltr'>Cum</span> <span class='ocrx_word' id='word_1_211' title='bbox 961 2222 1093 2253; x_wconf 86' lang='lat' dir='ltr'>autem</span> <span class='ocrx_word' id='word_1_212' title='bbox 1111 2211 1164 2252; x_wconf 87' lang='lat' dir='ltr'>ibi</span> <span class='ocrx_word' id='word_1_213' title='bbox 1185 2210 1307 2253; x_wconf 83' lang='lat' dir='ltr'>castra</span> <span class='ocrx_word' id='word_1_214' title='bbox 1327 2209 1552 2266; x_wconf 85' lang='lat' dir='ltr'>posuiffent,</span> <span class='ocrx_word' id='word_1_215' title='bbox 1564 2210 1613 2252; x_wconf 85' lang='lat' dir='ltr'>ad</span> 
     </span>
     <span class='ocr_line' id='line_1_28' title="bbox 345 2278 1614 2335; baseline 0.001 -15"><span class='ocrx_word' id='word_1_216' title='bbox 345 2279 447 2320; x_wconf 86' lang='lat' dir='ltr'>illius</span> <span class='ocrx_word' id='word_1_217' title='bbox 469 2291 604 2319; x_wconf 83' lang='lat' dir='ltr'>muros</span> <span class='ocrx_word' id='word_1_218' title='bbox 626 2278 836 2329; x_wconf 84' lang='lat' dir='ltr'>machinis,</span> <span class='ocrx_word' id='word_1_219' title='bbox 859 2279 901 2320; x_wconf 74' lang='grc' dir='ltr'>δε</span> <span class='ocrx_word' id='word_1_220' title='bbox 917 2281 1067 2334; x_wconf 88' lang='lat' dir='ltr'>quovis</span> <span class='ocrx_word' id='word_1_221' title='bbox 1088 2280 1168 2321; x_wconf 87' lang='lat' dir='ltr'>ali0</span> <span class='ocrx_word' id='word_1_222' title='bbox 1187 2280 1309 2321; x_wconf 91' lang='lat' dir='ltr'>modo</span> <span class='ocrx_word' id='word_1_223' title='bbox 1327 2280 1614 2335; x_wconf 84' lang='lat' dir='ltr'>oppugnandos</span> 
     </span>
     <span class='ocr_line' id='line_1_29' title="bbox 344 2347 1613 2404; baseline 0.002 -15"><span class='ocrx_word' id='word_1_224' title='bbox 344 2347 422 2390; x_wconf 90' lang='lat' dir='ltr'>sese</span> <span class='ocrx_word' id='word_1_225' title='bbox 444 2348 645 2404; x_wconf 81' lang='lat' dir='ltr'>parabant.</span> <span class='ocrx_word' id='word_1_226' title='bbox 668 2348 771 2389; x_wconf 90' lang='lat' dir='ltr'>Nam</span> <span class='ocrx_word' id='word_1_227' title='bbox 793 2348 962 2399; x_wconf 86' lang='lat' dir='ltr'>Oeno‘e&#39;,</span> <span class='ocrx_word' id='word_1_228' title='bbox 983 2363 1084 2404; x_wconf 88' lang='lat' dir='ltr'>quae</span> <span class='ocrx_word' id='word_1_229' title='bbox 1104 2349 1160 2391; x_wconf 90' lang='lat' dir='ltr'>est</span> <span class='ocrx_word' id='word_1_230' title='bbox 1180 2350 1220 2390; x_wconf 89' lang='lat' dir='ltr'>in</span> <span class='ocrx_word' id='word_1_231' title='bbox 1243 2349 1396 2391; x_wconf 86' lang='lat' dir='ltr'>Atticae</span> <span class='ocrx_word' id='word_1_232' title='bbox 1419 2350 1461 2390; x_wconf 87' lang='lat'>&amp;</span> <span class='ocrx_word' id='word_1_233' title='bbox 1478 2350 1613 2391; x_wconf 90' lang='lat' dir='ltr'>Boeo-</span> 
     </span>
     <span class='ocr_line' id='line_1_30' title="bbox 345 2417 1613 2473; baseline 0.001 -15"><span class='ocrx_word' id='word_1_234' title='bbox 345 2419 420 2460; x_wconf 74' lang='lat' dir='ltr'>tiae</span> <span class='ocrx_word' id='word_1_235' title='bbox 438 2417 583 2460; x_wconf 84' lang='lat' dir='ltr'>finibus</span> <span class='ocrx_word' id='word_1_236' title='bbox 594 2450 607 2469; x_wconf 88' lang='lat'><strong>,</strong></span> <span class='ocrx_word' id='word_1_237' title='bbox 628 2419 746 2459; x_wconf 89' lang='lat' dir='ltr'>muris</span> <span class='ocrx_word' id='word_1_238' title='bbox 764 2429 846 2459; x_wconf 87' lang='lat' dir='ltr'>erat</span> <span class='ocrx_word' id='word_1_239' title='bbox 863 2417 1009 2468; x_wconf 53' lang='lat' dir='ltr'>cinam</span> <span class='ocrx_word' id='word_1_240' title='bbox 1028 2418 1072 2459; x_wconf 72' lang='grc' dir='ltr'>δι</span> <span class='ocrx_word' id='word_1_241' title='bbox 1090 2417 1343 2460; x_wconf 88' lang='lat' dir='ltr'>Athenienses</span> <span class='ocrx_word' id='word_1_242' title='bbox 1363 2417 1441 2460; x_wconf 90' lang='lat' dir='ltr'>hoc</span> <span class='ocrx_word' id='word_1_243' title='bbox 1463 2431 1613 2473; x_wconf 89' lang='lat' dir='ltr'>propu-</span> 
     </span>
     <span class='ocr_line' id='line_1_31' title="bbox 351 2476 1615 2545; baseline 0.002 -16"><span class='ocrx_word' id='word_1_244' title='bbox 351 2476 516 2543; x_wconf 85' lang='lat' dir='ltr'>gnaculo</span> <span class='ocrx_word' id='word_1_245' title='bbox 540 2487 774 2542; x_wconf 83' lang='lat' dir='ltr'>utebantur,</span> <span class='ocrx_word' id='word_1_246' title='bbox 793 2489 947 2544; x_wconf 87' lang='lat' dir='ltr'>quoties</span> <span class='ocrx_word' id='word_1_247' title='bbox 971 2488 1115 2531; x_wconf 83' lang='lat' dir='ltr'>bellum</span> <span class='ocrx_word' id='word_1_248' title='bbox 1129 2489 1336 2544; x_wconf 82' lang='lat' dir='ltr'>ingrueret.</span> <span class='ocrx_word' id='word_1_249' title='bbox 1357 2489 1484 2532; x_wconf 82' lang='lat' dir='ltr'>Huius</span> <span class='ocrx_word' id='word_1_250' title='bbox 1497 2489 1615 2545; x_wconf 84' lang='lat' dir='ltr'><strong>igitur</strong></span> 
     </span>
    </p>
   </div>
  </div>
 </body>
</html>
