1734 3158
270 130 439 222 ’ςψ
542 158 1416 213 ANNOTATloNEs

339 257 397 282 τοι
419 239 566 283 τούτου.
589 243 728 286 Noster
749 245 809 287 VI
819 276 834 294 ,
860 261 907 302 23
933 244 992 288 ιότι
1016 247 1233 301 ἐλάχιστοι.
1262 249 1366 292 Flor.
1391 252 1491 308 Reg.
1514 250 1619 297 Caffl

341 294 411 337 Gr.
436 296 566 344 reete,
588 309 632 338 ut
653 311 703 339 ex
728 299 975 354 sequentibus
999 312 1115 356 patet.
1143 305 1291 344 WASS.

396 351 480 390 ibid.
499 350 748 408 ’Amica-amu)
769 354 986 408 Eleganter.
1009 357 1268 417 Hippocrates
1282 358 1330 399 de
1351 358 1455 402 Vi&
1480 359 1618 410 rat.11,'

340 415 380 458 p.
408 404 477 444 26:
499 403 678 457 αὔξοντες
697 410 739 446 τὸ
763 411 1029 449 ΑΝΤΙΠΑΛΟΝ
1047 425 1113 450 του
1136 412 1317 463 σώματος
1339 409 1453 464 αἷμα..
1469 417 1616 457 ΨΑεε.

396 457 487 511 Pag.
510 473 599 514 223.
627 461 651 500 l.
675 475 708 515 3.
731 463 880 502 Θεοιταὶ
905 462 974 513 μὲν
997 463 1070 504 τῶν
1090 465 1238 521 λέγων)
1260 466 1317 507 At
1334 466 1404 507 Dii
1426 468 1618 518 Coclites,

341 511 472 564 inquit
491 512 714 565 Aeschylus
734 515 876 569 Agam.
906 516 982 557 822
995 545 1011 564 ,
1039 517 1151 559 sinac
1171 515 1238 559 οὐκ
1263 521 1374 560 ’Ano
1393 525 1615 564 ΓΛΩΣΣΗΣ

341 565 542 613 κλυόντες,
568 567 790 621 ἀνὲροθῆτοις
812 569 914 609 Ἰλίου
935 569 1069 624 φθορὰς
1090 572 1145 613 Ἐς
1162 572 1371 628 αἱματηρὸν
1398 573 1547 629 τεῦχος
1575 573 1615 618 οὗ

342 619 585 674 ὣιχοῤῥόπως
610 618 755 672 ψήφους
774 621 902 663 ἔθεντο.
922 624 1047 664 IDEM.

397 677 472 712 ead.
496 674 520 713 l.
542 688 579 725 7.
604 677 716 715 Μετὰ
741 676 986 732 καινότητος)
1007 678 1137 720 Schol.
1162 681 1284 722 verba
1303 680 1391 724 sunt
1409 682 1466 725 D.
1489 683 1619 726 Lucae

313 760 315 762 .
342 725 480 768 Actor.
501 728 646 776 XVII,
670 743 732 769 21.
763 730 910 771 WAss.

397 784 472 821 ead.
503 781 529 821 l.
555 793 592 836 9.
617 781 750 823 Δοῦλοι
772 807 818 815 -
847 784 1028 840 ἀτόπων)
1054 786 1131 827 Th.
1151 787 1256 842 Mag.
1277 791 1424 831 WAss.

398 838 474 874 ead.
502 836 525 873 l.
559 850 616 891 ¹3·
649 835 784 888 Ὀξέως
810 837 859 878 ss‘
889 854 927 879 τι
959 840 1071 895 its-y.)
1103 841 1213 882 Haec
1235 856 1323 883 cum
1357 844 1399 884 su
1449 844 1620 890 rioribus

344 889 513 943 iungunt
539 889 663 931 Codd.
694 891 822 945 Steplt.
855 906 947 934 cum
971 893 1218 948 sequentibus
1247 910 1346 938 vero
1446 899 1480 939 d.
1510 899 1621 942 Aldi-

344 956 431 984 nus.
456 957 573 997 quam
599 944 821 998 scripturam
846 946 1108 1002 ipsequoque
1136 950 1264 1004 probo
1282 981 1298 999 ‚
1324 962 1369 991 ut
1393 951 1439 992 fit
1465 951 1617 996 sensus:

339 1000 499 1056 propensi
519 999 555 1038 6¹
571 1000 692 1053 parati
721 1001 772 1039 ad
790 1000 1001 1043 hzucLGdutiz
1031 1018 1129 1050 eum,
1155 1005 1213 1058 qui
1232 1004 1367 1059 aliquid
1384 1017 1483 1047 acute
1521 1009 1618 1049 dixe-

346 1053 412 1098 rit,
437 1053 472 1091 6·
493 1055 544 1092 ad
583 1054 768 1108 ercipienda
787 1070 847 1102 ea,
872 1052 957 1110 quae'
973 1056 1143 1096 dicuntur.
1168 1058 1211 1099 F.
1230 1058 1380 1100 Portus.
1403 1061 1543 1102 HUDS.
1557 1062 1619 1106 Sic

345 1118 511 1163 quoque
567 1105 627 1147 ass'.
651 1107 723 1149 Gr.
747 1109 860 1149 Vasc.
886 1110 927 1150 &
947 1109 1032 1151 Bas.
1055 1111 1207 1162 Sequor
1229 1112 1451 1154 sententiam
1473 1115 1592 1157 Porti.

403 1161 462 1200 Pa
487 1192 496 1200 .
532 1175 620 1211 224.
644 1162 668 1201 I.
696 1176 733 1212 4.
759 1163 981 1219 Σοφιστῶν)
1006 1163 1069 1206 Sic
1091 1165 1256 1207 Athenis
1281 1167 1437 1222 proprie
1467 1169 1588 1211 dictos
1600 1177 1621 1220 ,‘

347 1214 418 1268 qui
441 1229 460 1255 r
490 1216 662 1256 etoricen
690 1216 900 1265 docebant,
925 1229 1088 1259 annotat
1119 1220 1285 1275 Scaliger
1321 1221 1378 1261 1V
1409 1223 1621 1267 AnimadV.

348 1267 389 1308 in
409 1268 486 1311 loc.
507 1280 689 1312 controv.
713 1271 818 1313 Titii.
849 1286 882 1327 5.
912 1273 1003 1313 Vid.
1036 1272 1098 1314 hic
1122 1274 1320 1316 Scholiast.
1342 1276 1386 1318 δι
1412 1276 1572 1319 Cresoll.
1599 1279 1619 1321 1

349 1322 507 1364 Theatr.
533 1323 698 1365 Rhetor.
729 1338 764 1365 1.

406 1379 497 1431 Pag.
514 1391 603 1428 225.
626 1379 650 1418 l.
675 1393 710 1419 2.
734 1379 1017 1422 Ἐπανέσ-τησοιν
1027 1381 1206 1438 μᾶλλον)
1223 1385 1313 1424 Huc
1326 1382 1490 1438 respexit
1502 1385 1617 1429 Alex.

349 1430 658 1487 Aphrodifienfis
673 1433 709 1472 in
726 1433 943 1476 Aristotelis
959 1435 1137 1490 Top.11,
1152 1451 1187 1492 p.
1204 1437 1273 1492 85:
1289 1437 1475 1479 Βουληθεὶς
1492 1456 1621 1495 παρω-

343 1484 457 1537 {itm
482 1485 567 1526 τοὺς
587 1485 797 1528 Ἀθηναίους
818 1488 907 1541 πρὸς
929 1488 1017 1530 τοὺς
1040 1492 1340 1540 Μιτυληναίους,
1358 1491 1424 1533 τὴν
1442 1493 1620 1535 ἀπόστει-

350 1554 410 1579 σιν
436 1536 559 1580 αὗτῶν
583 1539 634 1580 εἰς
652 1541 718 1582 τὴν
746 1546 1102 1586 ΜΕΤΑΝΑΣΤΑΣΙΝ
1118 1546 1322 1595 μετέλαβε.
1343 1543 1544 1598 Ἐζῆτησοιν
1567 1571 1613 1580 -

349 1592 561 1648 ἒιοιφθεῖροιι
588 1594 636 1634 T.
664 1596 732 1636 Ma
763 1627 771 1635 .
797 1597 839 1636 in
864 1595 1060 1650 βούλομαι.
1085 1600 1232 1640 WAss.
1254 1599 1387 1640 Suidas
1411 1601 1451 1640 in
1476 1601 1620 1656 {vynpo'zd

349 1661 439 1688 τειοι
460 1648 554 1689 haec
577 1609 769 1703 descripfft
794 1663 844 1691 ex
867 1651 1076 1705 Aphrodis.
1104 1663 1148 1692 ut
1170 1653 1226 1694 ibi
1251 1655 1454 1695 annotavit
1477 1656 1618 1697 Kuste-

350 1715 438 1743 rus:
466 1701 528 1743 sed
551 1715 624 1758 pro
646 1705 947 1754 μετανάστασιν
969 1705 1072 1746 recte
1093 1706 1206 1747 habet
1230 1707 1509 1750 ἐπανάστασιν.

405 1760 479 1797 ead.
502 1757 527 1797 l.
553 1771 610 1812 ¹3·
637 1757 741 1797 Ειωθε
765 1757 812 1798 29¹2
837 1758 911 1800 τῶν
930 1758 1050 1815 min.)
1073 1759 1225 1801 Locum
1250 1761 1352 1802 hunc
1375 1762 1510 1803 imitati
1528 1763 1618 1806 sunt

349 1809 633 1852 Demosthenes
659 1813 698 1853 in
719 1811 887 1865 Olynth.
921 1829 969 1861 2,
997 1813 1195 1857 Sallustius
1226 1816 1268 1855 in
1293 1815 1436 1856 Histor.
1465 1816 1618 1871 Fragm.

349 1864 532 1906 Clemens
555 1866 765 1907 Alexandr.
792 1867 933 1908 Strom.
957 1868 982 1908 1.
1004 1883 1055 1918 4,
1075 1867 1251 1910 Philistus
1274 1868 1511 1918 Historicus,
1532 1873 1615 1912 alii-

377 1932 438 1959 ue.
473 1920 578 1960 Vide
603 1920 764 1962 Putschii
798 1933 912 1962 notas
937 1923 983 1962 ad
1020 1922 1183 1963 Sallustii
1217 1923 1368 1977 Fragm.
1397 1925 1534 1965 HUDs.
1568 1925 1616 1968 In

347 1933 473 2014 alem.
501 1973 611 2014 Alex.
640 1975 697 2016 Vl
730 1974 872 2016 Strom.
903 1991 953 2024 2,
981 1990 1066 2031 pag.
1093 1977 1193 2025 620,
1217 1978 1312 2018 haec
1339 1978 1394 2018 ita
1412 1977 1448 2018 le
1503 1990 1620 2025 ntur:

347 2027 520 2068 Εἰώθοισιν
547 2027 594 2068 st
618 2028 654 2068 οἱ
687 2030 824 2070 πολλοὶ
856 2029 929 2069 τῶν
954 2030 1148 2082 ἀνθρώπων
1174 2027 1227 2073 οἷς
1254 2030 1300 2071 ἂν
1323 2047 1367 2084 μ.
1393 2046 1426 2073 κ.
1478 2062 1489 2071 .
1517 2033 1546 2073 ἐ.
1573 2034 1616 2074 ἀ.

345 2077 544 2136 εὐπραγία
563 2082 595 2123 ἐ.
617 2082 669 2124 εἰς
692 2079 728 2126 ὑ.
753 2084 975 2135 τρέπεσθαι.
997 2085 1230 2139 Sylburgius
1249 2085 1301 2125 ibi
1317 2098 1391 2140 pro
1421 2084 1453 2126 oi
1477 2089 1616 2128 πολλοὶ

347 2137 506 2176 coniicit
530 2134 561 2176 οἱ
578 2138 734 2191 πονηροί.
754 2138 859 2178 Nihil
887 2138 1082 2186 tentaffet,
1102 2138 1131 2179 fi
1153 2140 1188 2179 ei
1206 2140 1246 2179 in
1268 2151 1438 2180 mentem
1456 2140 1616 2182 veniss'et

345 2188 464 2232 huius
487 2190 563 2230 loci
592 2190 858 2244 Thucydidis,
885 2194 995 2233 cuius
1026 2193 1148 2234 verba
1171 2193 1218 2234 de
1248 2193 1430 2234 industria
1460 2194 1617 2236 videtur

346 2242 508 2283 mutaffe
530 2244 799 2294 Clemens‚‚ut
829 2260 876 2287 ea
900 2246 1098 2301 aliquanto
1121 2248 1247 2302 aptius
1269 2248 1316 2287 ad
1341 2259 1614 2301 argumentum

344 2294 460 2338 suum
481 2299 802 2340 accommodaret.
830 2300 950 2342 Addit
978 2301 1137 2342 ibidem:
1163 2301 1236 2341 Καὶ
1267 2301 1443 2342 Φίλιστος
1481 2301 1613 2353 ὁμοίως

344 2352 401 2389 τὰ
419 2346 525 2392 abac&
542 2352 749 2402 μιμεῖται,
772 2349 848 2394 Me
860 2355 994 2410 λέγων·
1009 2357 1065 2394 Τὰ
1078 2354 1124 2395 ἑὲ
1138 2371 1180 2395 π.
1202 2369 1238 2394 ιι.
1255 2365 1292 2394 λ.
1315 2369 1352 2396 τ.
1372 2353 1410 2394 ἀ.
1427 2354 1455 2394 ὅ.
1479 2355 1614 2403 ἀσφα-

341 2404 506 2457 λέα-τερα,
529 2407 638 2459 παρὰ
656 2406 777 2460 δόξαν
794 2408 860 2447 καὶ
880 2424 1060 2462 xxxam-poe
1094 2407 1162 2448 ίαν.
1190 2409 1298 2449 Haec
1316 2407 1406 2449 sunt
1424 2406 1500 2462 ipsa
1513 2408 1605 2466 ’sed

338 2457 516 2503 nonnihil
547 2471 731 2516 corrupta
756 2462 877 2504 verba
905 2462 1053 2514 Thucy
1081 2463 1172 2511 ‘dis,
1196 2474 1296 2518 quae
1324 2462 1354 2504 fi
1375 2462 1428 2504 ita
1455 2464 1494 2505 in
1517 2462 1608 2505 scri-
