1734 3158
110 1175 330 1215 AnteOstob.

197 1233 252 1265 17.

342 172 437 235 296
629 162 1318 215 THUCYDIDIS

341 258 434 330 γῖιρ
452 257 585 313 αὐτων
605 261 645 318 ἒς
662 251 997 327 πεντακοσίους)
1018 261 1138 320 τείχη
1160 279 1205 308 τε
1223 255 1478 318 λαβόντες
1453 281 1487 309 α
1506 252 1547 320 ην
1562 259 1605 314 ἒν

341 362 389 403 τη
413 339 587 431 ἠπείροιο,
613 335 809 429 ἐκροίτουν
823 359 894 396 της
915 330 1044 407 πέραν
1068 338 1221 390 οἰκείας
1244 354 1346 398 γῆς,
1366 355 1443 385 και
1464 335 1508 397 ἐξ
1522 339 1607 386 αὐ-

340 438 413 475 της
438 412 683 508 ὁρμώμενοι,
711 407 908 475 ἒληιζοντο
933 433 1026 468 τους
1051 411 1087 463 ἓν
1111 433 1159 473 τη
1187 406 1317 480 νῆσῳ,
1345 406 1422 461 κα)
1446 409 1607 465 πολλα

343 487 585 552 ἔβλαπτον·
601 511 680 541 και
693 484 846 578 λιμος’
833 509 1001 557 ισχυρος
1015 483 1174 550 ἐγένετο
1189 488 1224 537 ὲν
1237 489 1287 550 τῇ
1298 486 1440 537 πόλει.
1457 488 1608 559 ἐπ-ρεσ-

342 563 510 628 βευοντο
537 556 583 617 δε
609 588 685 616 και
712 567 751 622 ἐς
778 587 844 624 την
871 562 1184 632 Λακεδαίμονα
1208 583 1286 613 και
1311 561 1492 634 Κόρινθον
1516 585 1610 636 περι

345 641 533 695 καθόδου
555 663 632 692 και
655 641 710 698 ὡς
729 630 836 691 οὑὸεν
854 641 994 696 αὐτοις
1017 637 1275 710 ἐπράσσετο,
1297 636 1459 710 ὕστερον
1478 637 1612 711 χρόνῳ

346 731 489 771 πλοια
506 739 584 788 pou
606 713 840 789 ἒπικουρους
858 712 1356 810 παρασκευασάμενοι,
1353 711 1583 776 ὃιεβησαν
1573 737 1612 773 ες
1655 777 1658 781 ¹

346 818 417 855 την
437 816 547 854 νησον
568 791 777 856 ὲξαιιόσιοι
796 790 1060 860 μαλισταιοὶ
1084 811 1255 847 παντες,
1280 813 1359 841 και
1387 812 1448 842 τα
1472 794 1614 843 πλοῖα

348 867 663 942 ἒμπρησαντες,
692 891 806 925 οπως
825 888 1044 932 απογνοια
1063 863 1087 931 ᾖ
1105 865 1176 918 τοῦ
1196 867 1318 918 αλλο
1341 890 1381 918 τι
1408 891 1431 928 η
1453 869 1615 939 κρατεῖν

348 971 420 1008 7ης
439 968 541 1010 γης,
563 945 808 1006 ἅναβαῖντές
823 946 863 1001 ἒς
878 966 925 995 ’το
946 940 1029 1014 ὄρος
1045 963 1114 1004 την
1133 941 1344 1002 Ἰστῶνην,
1360 945 1500 1005 τεῖχος
1519 945 1614 995 ἐνοι-

349 1021 704 1092 κοὸομησαμενοι,
729 1016 906 1093 ἔφθειρον
923 1042 1015 1076 τους
1039 1020 1075 1071 ὲν
1093 1020 1143 1084 τῇ
1159 1018 1310 1074 πολει,
1333 1041 1413 1070 και
1435 1042 1506 1080 της
1530 1017 1612 1085 γῆς

349 1098 557 1189 ἔκρατουν.

425 1197 545 1227 πστ.
563 1172 656 1226 To&
674 1172 715 1225 δ’
731 1175 858 1224 αὐτου
833 1167 1018 1244 ”»9ἔρους
1033 1183 1325 1228 τελευτωντος,
1341 1168 1602 1232 Ἀθηναιοι
1558 1192 1615 1222 ει-

351 1274 449 1305 κοσι
469 1273 569 1308 ναυς
588 1246 783 1302 ἔστειλαν
801 1250 840 1306 ἐς
855 1246 1095 1303 Σικελίαν,
1113 1269 1190 1299 και
1210 1242 1473 1308 Λαχητα
1433 1270 1496 1299 τον
1513 1245 1619 1298 Με-

354 1327 557 1382 λανῶπου
579 1348 814 1399 στρατηγον
834 1322 992 1379 αὐτων,
1019 1345 1098 1376 και
1123 1318 1431 1395 Χαροιαὸην
1389 1345 1453 1375 τον
1474 1320 1620 1386 Εὐφι-

353 1474 582 1523 evaserant)
614 1472 813 1527 occupatis
843 1469 1069 1526 quibusdam
1102 1470 1410 1521 munitionibus,
1443 1483 1545 1525 quae
1579 1469 1623 1510 in

354 1547 578 1602 continente
604 1554 738 1594 erant,
761 1542 834 1584 suo
853 1541 1039 1583 ulteriore
1061 1553 1156 1594 agro
1181 1540 1296 1595 potiti
1319 1538 1430 1590 sunt,
1447 1550 1564 1594 atque
1583 1538 1626 1578 il-

354 1618 430 1659 linc
450 1627 698 1671 erumpentes
711 1646 724 1664 ,
750 1612 1041 1668 populabantur
1064 1623 1180 1665 agros
1210 1610 1368 1653 illorum
1383 1642 1396 1661 ‚
1419 1612 1490 1666 qui
1514 1619 1624 1652 erant

354 1689 395 1730 in
414 1688 535 1729 insula
549 1718 563 1738 ‚
586 1685 808 1741 magnisque
829 1685 1066 1726 detrimentis
1088 1683 1176 1724 illos
1198 1683 1430 1724 afficiebant.
1457 1683 1506 1724 Et
1532 1695 1626 1737 pro-

354 1771 490 1817 pterea
507 1761 548 1801 in
570 1759 669 1802 urbe
686 1758 808 1800 fames
829 1758 967 1811 ingens
987 1755 1041 1797 est
1062 1766 1212 1797 exorta.
1241 1754 1361 1796 Iidem
1380 1755 1499 1796 etiam
1520 1754 1626 1808 lega-

354 1840 420 1871 tos
447 1830 495 1871 de
514 1828 585 1870 suo
603 1828 731 1869 reditu
757 1827 1086 1868 Lacedaemonem
1107 1824 1150 1870 δι
1170 1822 1406 1864 Corinthum
1429 1820 1630 1863 miserunt.

355 1899 431 1941 Sed
454 1913 543 1941 cum
564 1897 661 1940 nihil
681 1895 938 1952 proficerent,
962 1894 1095 1950 postea
1117 1892 1260 1947 paratis
1283 1890 1449 1933 navibus
1464 1890 1507 1932 &
1527 1889 1629 1930 mili-

355 1969 462 2010 tibus
482 1967 713 2016 auxiliariis,
735 1967 775 2007 in
793 1964 957 2007 insulam
985 1964 1238 2013 traiecerunt,
1268 1973 1436 2003 numero
1459 1958 1630 2003 univerfi

356 2039 508 2080 circiter
528 2037 707 2079 sexcenti.
734 2046 851 2090 atque
869 2034 1034 2076 navibus
1056 2031 1243 2082 incensis,
1261 2041 1306 2072 ut
1326 2029 1432 2073 nulla
1451 2029 1534 2085 spes
1553 2030 1629 2071 alia
1671 2030 1674 2033 ’

355 2108 639 2162 relinqueretur
648 2140 661 2159 ‚
678 2121 796 2163 quam
809 2108 892 2162 agri
910 2105 1148 2161 occupandi,
1159 2114 1334 2146 montem
1345 2102 1515 2145 Istonem
1530 2116 1630 2144 con-

357 2174 588 2217 scenderunt
600 2208 612 2227 ,
637 2176 679 2218 &
691 2208 703 2227 ,
724 2177 943 2218 munitione
964 2175 1041 2216 illic
1063 2173 1278 2223 exstrusa,
1294 2185 1388 2223 eos,
1409 2173 1479 2227 qui
1497 2173 1539 2213 in
1559 2185 1628 2214 ur·

358 2245 409 2287 be
430 2257 566 2296 erant,
585 2246 805 2300 graviffime
827 2246 1025 2288 vexabant
1038 2276 1051 2295 ,
1076 2255 1254 2299 agroque
1271 2229 1531 2297 botiebantur.

413 2314 633 2357 LXXXVI.
660 2318 746 2358 Hac
766 2316 901 2358 eadem
926 2314 1070 2357 aestate
1089 2324 1281 2362 extrema,
1302 2311 1556 2354 Athenienses
1570 2312 1634 2354 vi-

360 2384 458 2439 ginti
488 2398 610 2427 naves
630 2387 670 2428 in
691 2387 855 2429 Siciliam
876 2384 1085 2436 miserunt,
1112 2385 1156 2426 &
1174 2383 1380 2425 Lachetem
1404 2383 1629 2438 Melanopi,

360 2453 404 2497 &
424 2454 693 2498 charoeadam
715 2455 909 2511 Euphileti
932 2453 1078 2505 filium,
1100 2453 1239 2495 harum
1264 2452 1493 2509 praefectos.
1524 2453 1630 2494 Nam
