1734 3158
357 230 448 302 1‘54
639 236 1323 286 THUCYDIDIS

353 330 477 406 ραιῶς
497 333 764 385 καθίσταντο.
787 338 821 385 οἱ
846 323 890 385 δῖ
911 331 1242 395 Πελοποννῆο-ιοι
1265 334 1320 392 ὡς
1345 330 1524 395 {sellom
1548 326 1620 396 rint

351 407 569 471 βοηθειαν,
596 409 940 481 καταδραμοντες
963 434 1034 471 της
1062 408 1389 479 Σαλαμινος
1345 433 1406 462 τα
1429 407 1612 468 πολλα,

353 507 432 537 και
453 483 686 558 ἀνθρωπους
702 509 780 538 και
799 492 919 539 λείαν
940 486 1173 549 λαβοντες,
1191 509 1268 538 και
1287 509 1368 545 τας
1387 490 1490 560 τρεῖς
1515 509 1616 546 ναυς

354 563 403 614 ἐκ
420 585 492 613 του
467 560 717 653 Βουὸὅρου
714 562 784 614 τοῧ
811 568 995 657 φρουρίου
1006 601 1018 619 ,
1037 586 1161 615 κατα
1179 562 1317 626 ταχος
1335 561 1406 614 ἐπι
1431 587 1501 624 της
1524 564 1614 615 Νι-

353 643 487 695 σαίας
505 634 668 692 ἔπλεον.
691 635 780 691 ἔστι
797 636 888 707 ’γαρ
908 638 972 691 ὅτε
989 663 1067 691 και
1086 645 1134 691 αἱ
1150 662 1234 700 νηες
1251 636 1401 698 αὐτους
1419 637 1491 692 δια
1514 640 1616 711 94οὸ-

352 737 416 767 νου
440 714 845 771 καθελκυσθειο-αι,
876 738 953 766 και
983 707 1090 767 miden
1121 713 1357 780 ο-τέγουο-αι
1369 753 1382 770 ,
1418 716 1616 778 ἒφοβουν.

354 790 606 862 ἀφικόμενοι
622 782 702 842 ὃε’
691 812 729 849 ες
745 814 806 843 τα
828 788 1055 863 Μέγαρα,
1081 791 1219 843 πάλιν
1241 788 1311 843 ὲπι
1337 815 1408 852 της
1429 792 1618 864 Κορίνθου

353 866 644 960 ἐπεχώρησαν
660 870 788 931 πεζοί.
814 872 849 919 οἱ
871 867 912 918 δ’
933 867 1154 929 Ἀθηναῖοι,
1177 862 1310 961 οὐκέτι
1325 868 1618 930 καταλαβον-

354 965 422 1001 τες
435 967 533 1016 προς
551 967 597 997 τη
576 943 852 1034 Σαλαμινι
863 981 875 999 ,
894 940 1186 997 ἀπέπλευσαν
1199 966 1278 995 και
1294 948 1425 997 αὐτοί.
1441 967 1518 997 και
1533 966 1615 1016 με-

331 1042 413 1083 ίτα
433 1020 550 1071 τοῦτο
576 1013 781 1082 φυλακην
802 1020 874 1082 ἤδη
895 1043 966 1071 του
991 1018 1206 1094 Πειραιως
1222 1022 1400 1090 μᾶλλον
1424 1017 1618 1074 τολοιπον

354 1096 556 1148 ἐποιουντο
568 1133 579 1150 ,
597 1092 776 1189 λιμένων
791 1118 835 1148 τε
852 1102 1015 1149 κλείο-ει
1027 1135 1038 1153 ,
1059 1120 1138 1149 και
1159 1119 1206 1162 τη
1223 1095 1346 1164 ἄλλη
1365 1099 1615 1169 ὲπιμελειά.

427 1194 528 1224 crte.
556 1167 676 1224 Ϊπο
692 1163 736 1224 δε
751 1195 844 1230 τους
863 1195 1011 1231 αυτους
1025 1196 1207 1246 χρονους,
1223 1173 1294 1224 τοῧ
1310 1173 1513 1244 χειμὶὖνος
1524 1197 1619 1226 του-

354 1272 423 1301 του
441 1245 691 1321 ἀρχομένου,
711 1248 981 1310 Σιταλκης
965 1273 983 1300 ο
1004 1247 1148 1322 Τήρεω
1174 1246 1400 1343 Ὀδρυσης,
1428 1249 1619 1322 Θρακων

352 1322 623 1387 βασιλευς,
611 1325 877 1399 εστροίτευο-εν
893 1327 962 1377 ὲπι
942 1322 1276 1399 Περδίκκαν
1237 1350 1300 1378 τον
1317 1326 1617 1399 Ἀλεξανὸροω

306 1479 309 1483 ’
351 1479 509 1520 Piraeeo
530 1478 769 1534 reliquerunt
781 1510 794 1530 ,
813 1489 856 1520 ut
880 1478 915 1520 ei
929 1477 1020 1520 effet
1041 1478 1242 1534 praesidio.
1263 1479 1532 1535 Peloponnesii
1551 1493 1620 1522 ve-

352 1561 426 1599 ro,
452 1547 658 1603 postquam
681 1561 752 1589 eos
773 1538 937 1590 subfidio
954 1549 1090 1589 venire
1112 1547 1329 1599 senserunt,
1350 1561 1527 1604 magnam
1548 1548 1621 1590 Sa-

352 1619 506 1661 laminis
533 1632 680 1677 partem
702 1621 996 1663 excursionibus
1017 1620 1214 1677 populati,
1241 1621 1360 1676 captis
1379 1620 1621 1670 hominibus,

352 1690 593 1745 praedaque,
617 1691 661 1732 &
679 1691 803 1732 tribus
830 1690 902 1731 illis
924 1690 1112 1740 navibus,
1136 1703 1186 1730 ex
1217 1687 1514 1744 propugnaculo
1536 1689 1618 1729 Bu-

352 1759 454 1801 doro
483 1760 656 1802 celeriter
687 1761 727 1800 in
757 1758 934 1801 Nisaeam
958 1759 997 1800 se
1024 1769 1269 1813 receperunt.
1304 1757 1483 1800 nonnihil
1514 1759 1622 1799 enim

353 1832 396 1872 &
417 1831 517 1886 ipsae
540 1845 684 1884 naves,
714 1845 814 1887 quae
840 1831 962 1886 longo
989 1832 1180 1886 temporis
1211 1829 1416 1870 intervallo
1440 1829 1479 1869 in
1511 1842 1620 1870 mare

352 1902 537 1944 deductae
561 1903 737 1954 fuerant,
761 1917 834 1945 nec
858 1917 1046 1958 aquarum
1073 1904 1154 1946 vim
1183 1902 1284 1944 ferre
1306 1911 1486 1957 poterant
1499 1933 1511 1951 ,
1547 1915 1619 1944 eos

353 1982 447 2014 tunc
468 1974 674 2015 terrebant.
695 1987 864 2029 cumque
887 1975 1049 2028 Megara
1071 1970 1355 2029 perveniss’ent,
1377 1970 1615 2012 Corinthum

352 2041 488 2083 itinere
509 2042 669 2097 pedestri
694 2043 902 2085 redierunt.
928 2041 1180 2084 Athenienses
1205 2053 1332 2090 vero,
1358 2053 1447 2082 cum
1474 2053 1544 2084 eos
1568 2041 1618 2083 ad
1686 2036 1705 2065 ·’

352 2112 581 2155 Salaminem
603 2127 685 2156 non
706 2114 875 2170 amplius
896 2113 996 2156 naffi
1016 2113 1193 2163 fument,
1215 2113 1259 2153 &
1278 2111 1347 2168 ipfi
1363 2112 1524 2152 domum
1545 2111 1620 2152 dis-

352 2183 551 2225 ceffemnt.
578 2196 696 2240 atque
725 2186 775 2227 ab
798 2199 848 2228 eo
876 2197 1052 2241 tempore
1077 2185 1275 2227 Piraeeum
1301 2184 1377 2226 iam
1401 2184 1620 2226 accuratius

353 2252 395 2292 in
413 2251 610 2307 posterum
636 2253 828 2295 custodire
848 2264 1062 2309 coeperunt
1075 2285 1087 2303 ‚
1107 2266 1196 2294 cum
1217 2262 1406 2307 portuum
1429 2249 1621 2302 claustris,

351 2334 436 2365 tum
460 2324 575 2365 etiam
595 2325 679 2366 aliis
697 2336 898 2366 accuratae
917 2322 1109 2365 custodiae
1131 2321 1345 2376 generibus.

406 2394 534 2435 XCV.
562 2394 633 2435 Per
656 2395 757 2436 idem
781 2406 936 2449 tempus
958 2391 1028 2434 sub
1050 2393 1165 2433 huius
1193 2391 1331 2431 hiemis
1361 2389 1535 2438 initium,
1561 2387 1620 2429 Si-

351 2461 468 2503 talces
490 2461 687 2515 Odryses,
708 2462 834 2505 Terae
856 2461 981 2510 filius,
999 2460 1200 2502 Thracum
1221 2472 1314 2506 rex,
1333 2457 1619 2512 expeditionem

352 2529 441 2571 fecit
470 2529 655 2573 adversus
679 2530 894 2573 Perdiccam
908 2561 921 2582 ,
948 2529 1159 2572 Alexandri
1188 2528 1330 2581 filium,
1354 2527 1618 2570 Macedonum
