1734 3158
359 232 417 266 ιο
644 214 1332 263 THUCYDIDIS

358 312 489 370 θείοής
506 329 598 381 περι
619 331 698 362 των
722 304 1027 381 γεγενημένων,
1053 306 1310 371 ἒπεβοηθουν.
1338 302 1500 374 ἀπέχει
1529 309 1615 360 δ’(
1593 333 1618 372 η

355 383 588 438 Πλάταια
614 408 692 437 των
721 383 887 446 Θηβων
914 385 1106 443 σταδίους
1133 383 1443 456 ἑβδομηκοντα,
1464 408 1542 439 και
1569 409 1616 437 το

318 527 321 529 q
354 457 521 529 ὕδωρ
480 485 525 512 το
546 460 756 553 γενόμενον
783 484 854 521 της
881 485 1041 520 νυκτος,
1069 463 1233 523 ἐποίησε
1260 459 1506 556 βραδυτερον
1535 486 1615 515 αυ-

354 561 448 595 τους
466 539 646 590 ἐλθεῖν.
629 560 647 587 ο
668 558 760 604 γαρ
790 533 988 596 ’Atrum-05
1018 533 1322 610 [ποταμος]’
1311 534 1417 629 εξίῥῦη
1441 534 1614 608 μέγας,

355 635 434 664 και
453 616 497 665 οὐ
518 613 666 705 ῥοιὸιως
684 607 937 674 ὣαβατος’
912 637 966 673 ην.
986 613 1246 706 πορευόμενοί
1260 634 1306 664 τε
1329 615 1366 666 ἒν
1387 614 1514 685 ὑετῷ,
1535 636 1614 665 και

352 712 417 741 τον
434 711 628 759 ποταμον
641 687 775 777 μόγις
793 686 1081 749 διαβαντες,’
1050 711 1230 780 υπερον
1232 711 1500 782 παρεγενοντο
1511 726 1522 744 ,
1541 687 1615 749 ηὸη

351 788 430 817 των
444 764 609 838 ανδρων,
626 788 704 817 των
717 786 813 834 μεν,
831 761 1174 858 διεφθαρμένων,
1170 788 1248 817 των
1262 756 1328 821 ὁδε,
1346 764 1525 830 ζώντων’
1515 787 1615 828 εχσ-

353 837 494 913 μένων.
515 842 570 899 ὡς
595 841 635 891 δ’
658 831 837 907 ησθοντο
858 845 891 892 οἱ
912 837 1174 902 Θηβαιοι
1133 865 1179 892 το
1196 837 1531 922 γεγενημένον,
1511 843 1614 893 ἒπε-

350 914 552 979 βουλευον
579 920 661 974 τοῖς
689 913 767 976 ἔξω
794 939 865 976 της
873 915 1061 1008 πόλεως
1090 940 1167 969 των
1194 913 1476 970 Πλαταιέων.
1506 911 1614 978 ἦσαν

350 1014 444 1061 γαρ
465 1016 542 1045 και
564 990 766 1065 ανθρωποι
785 1013 908 1044 κατα
928 1016 1019 1051 τους
1039 990 1219 1084 ἀγρους,
1239 1015 1318 1044 και
1339 1014 1612 1054 κατασκευη,

349 1067 419 1122 οἱα
440 1066 749 1142 ἀπροσδοκητου
768 1090 906 1120 κακου
932 1070 969 1120 ὲν
991 1066 1108 1142 εἰρηνη
1133 1065 1365 1140 γενομένου.
1394 1066 1614 1130 ἐβούλοντο

348 1167 442 1214 γαρ
465 1151 635 1208 &wsb-cv,
658 1146 701 1197 εἴ
710 1166 803 1196 τινα
823 1143 1063 1206 λάβοιεν,
1046 1166 1254 1218 υπαρχειν
1274 1167 1366 1197 αντι
1383 1168 1462 1197 των
1483 1140 1608 1200 azlor,

347 1245 390 1283 ην
409 1243 497 1294 αμα
514 1218 686 1285 τύχωσί
697 1242 796 1278 τινες
818 1218 1097 1293 ἐζωγρημένοι.
1123 1243 1202 1273 και
1221 1226 1255 1273 οἱ
1273 1242 1359 1311 μεν
1365 1220 1512 1272 ταῦτα
1529 1221 1609 1273 διε-

346 1320 504 1352 νοουντο.
534 1303 568 1351 οἱ
595 1288 640 1349 δε
669 1294 987 1363 Πλαταιῆς,
963 1320 1020 1351 ετι
1046 1292 1425 1368 διαβουλευομένων
1452 1295 1610 1354 αὐτων,

341 1466 509 1504 natant,
534 1468 623 1496 cum
653 1452 740 1508 ipfis
766 1454 806 1494 in
832 1451 916 1509 ipso
941 1453 1081 1494 itinere
1111 1452 1272 1494 nuntius
1291 1451 1339 1493 de
1360 1452 1476 1494 rebus
1501 1451 1614 1507 gestis

340 1525 481 1566 allatus
509 1525 656 1576 fuisset,
679 1524 756 1566 suis
786 1524 979 1580 suppetias
1011 1523 1234 1566 veniebant.
1255 1522 1406 1565 Plataea
1433 1532 1564 1564 autem
1589 1535 1613 1562 a

339 1595 488 1638 Thebis
509 1595 750 1651 septuaginta
772 1593 890 1636 stadia
915 1593 1038 1644 abest,
1065 1595 1108 1636 δι
1135 1607 1265 1648 aqua,
1288 1606 1390 1648 quae
1410 1593 1476 1634 illa
1496 1592 1613 1634 noste

338 1669 503 1710 coelitus
528 1668 746 1716 deciderat,
777 1665 958 1708 effecerat
971 1697 983 1716 ,
1009 1676 1054 1707 ut
1082 1663 1156 1706 iter
1184 1664 1330 1706 tardius
1360 1663 1610 1707 conficerent.

338 1738 499 1795 Asopus
529 1740 633 1780 enim
657 1738 805 1780 fluvius
835 1736 981 1778 multus
1012 1735 1198 1786 fluxerat,
1223 1748 1295 1777 nec
1322 1733 1437 1776 facile
1461 1734 1612 1776 transiri

337 1806 508 1866 poterat(
530 1810 674 1864 Quare
697 1822 767 1865 per
789 1808 966 1864 pluviam
985 1807 1058 1847 iter
1079 1805 1286 1856 facientes,
1308 1805 1512 1861 fluvioque
1535 1807 1608 1848 vix

333 1879 521 1930 -traiee‘ko,
550 1879 637 1921 sero
659 1888 876 1927 venerunt,
897 1890 989 1918 cum
1013 1875 1170 1917 illorum
1195 1875 1333 1916 milites
1359 1876 1500 1931 partim
1524 1875 1610 1930 qui-

337 1949 424 1990 dem
446 1949 523 1990 iam
545 1948 665 1991 effent
688 1947 904 1998 interfeffi,
927 1947 1068 2002 partim
1092 1959 1194 1987 vero
1223 1947 1308 1987 vivi
1333 1946 1612 1989 detinerentur.

334 2017 544 2072 Postquam
565 2030 664 2059 vero
686 2016 867 2058 Thebani
887 2014 1162 2056 intellexerunt
1186 2014 1243 2065 id,
1262 2014 1373 2069 quod
1393 2015 1607 2066 acciderat,

334 2086 637 2136 Plataeenfibus‚
657 2087 727 2141 qui
754 2097 864 2127 erant
887 2094 997 2125 extra
1019 2083 1177 2131 urbem,
1201 2082 1350 2123 infidias
1372 2082 1608 2126 struxerunt.

335 2157 438 2202 Nam
461 2157 505 2198 δι
523 2157 702 2197 homines
721 2156 761 2196 in
783 2154 885 2208 agris
905 2160 1038 2201 erant,
1060 2150 1103 2192 δι
1123 2149 1313 2206 supellex,
1333 2153 1477 2208 quippe
1497 2152 1608 2207 quod

335 2226 414 2269 hoc
433 2227 581 2268 malum
605 2226 849 2282 inopinatum
876 2225 986 2280 pacis
1010 2235 1190 2279 tempore
1217 2222 1445 2278 contigifl'et.
1472 2223 1601 2264 Vole-

334 2295 429 2337 bant
448 2295 550 2336 enim
563 2326 576 2345 ,
596 2293 625 2335 s1
652 2307 769 2349 quem
793 2293 995 2350 cepiss'ent,
1017 2307 1107 2334 eum
1133 2292 1202 2333 fibi
1223 2306 1362 2334 eorum
1382 2292 1475 2335 loco
1498 2292 1596 2344 effe,

333 2365 406 2420 qui
426 2364 467 2405 in
493 2365 589 2406 urbe
619 2365 909 2415 detinebantur,
931 2364 961 2406 fi
985 2364 1053 2419 qui
1082 2364 1201 2405 modo
1228 2366 1314 2406 vivi
1343 2363 1600 2420 supere-ssent,

333 2447 437 2489 quos
457 2435 511 2476 illi
533 2446 668 2490 captos
693 2436 911 2476 retinerent.
935 2434 1070 2488 Atque
1093 2434 1132 2474 hi
1153 2433 1311 2488 quidem
1337 2433 1431 2475 haec
1454 2434 1495 2474 in
1519 2436 1602 2474 ani-

333 2519 402 2548 mo
423 2505 633 2550 habebant.
657 2505 893 2549 Plataeenses
921 2518 1044 2557 vero,
1069 2519 1158 2548 cum
1182 2506 1238 2547 illi
1262 2505 1386 2548 adhuc
1411 2503 1605 2548 consulta-
