1734 3158
387 199 481 252 310
673 178 1364 230 THUCYDIDIS

384 303 482 336 σον,
509 273 587 337 ἕως
621 279 894 341 καταβαίη’
883 299 922 336 ες
951 271 1223 336 Φωκεας,
1189 302 1221 330 οι
1244 274 1464 352 προθυμως
1493 275 1650 332 {Admau

386 351 512 410 κατα
538 378 608 416 την
634 355 853 415 ΗΑθηναιων
878 359 970 406 αἰεί
993 376 1095 406 ποτε
1121 359 1278 417 φιλίαν
1300 352 1603 426 ξυστρατεύειν,
1623 348 1650 417 ἢ

386 420 470 485 κίον
482 433 571 504 βίοι
585 429 893 522 προσαχθηναι.
912 452 990 482 και
969 427 1227 482 Φωκευσιν
1243 427 1354 491 Mn*
1325 454 1466 522 ομορος
1481 455 1504 492 η
1492 429 1653 484 Boaco-
1719 479 1729 503 Δ

387 515 463 562 τία
482 510 604 560 ἐσ-τίν.
625 506 734 580 ἄρας
753 513 818 559 οὐν
836 503 1054 576 ξύμπαντι
1071 506 1133 579 τῷ
1157 528 1449 598 στρατευματι
1471 502 1563 558 ἀπο
1581 531 1652 568 της

389 583 684 642 Λευκάδος,’
662 582 840 635 ακόντων
866 606 945 634 των
976 581 1262 655 Ἀκαρνάνων,
1290 579 1586 656 παρέπλευσεν
1613 585 1654 641 ἐς

389 661 596 716 Σολλιον.
624 680 827 717 κοινωσας
846 649 951 709 δε
908 680 975 719 την
994 659 1172 712 ἐπίνοιαν
1194 661 1276 718 τοῖς
1299 659 1624 733 Ἀκαρνᾶσιν,
1598 682 1655 718 ως

386 740 435 790 οὐ
449 731 768 828 προσεδέξαντο,
792 730 933 786 δια
878 758 949 794 της
970 727 1253 792 Λευκάδος
1209 758 1278 796 την
1296 738 1340 787 οὐ
1357 740 1654 807 περιτείχισιν,

391 809 519 870 αὐτος
533 814 583 876 τῇ
598 814 729 875 λοιπὴ
743 832 951 883 στρατια,
966 809 1267 875 Κεφαλλῇσι,
1284 833 1362 863 και
1339 808 1655 871 Μεσσηνίοις,
1723 853 1728 860 .

388 912 468 942 και
494 889 761 944 Ζακυνθιᾞοις
778 909 856 938 και
875 886 1092 946 Ἀθηναίων
1116 892 1359 958 τριακοσίοις
1379 911 1461 945 τοις
1487 886 1656 948 ὲπιβα-

388 987 485 1024 ταις
499 989 578 1017 των
594 959 804 1035 σφετέρων
824 985 913 1014 νεων
929 956 1006 1033 (αἱ
1023 983 1114 1030 ’γαρ
1131 961 1512 1016 πεντεκαίδεκα
1452 986 1529 1015 των
1542 963 1654 1036 Κερ-

390 1046 568 1132 κυραίων
588 1038 779 1100 απηλθον
799 1034 952 1108 νηες)
941 1059 1210 1111 εστροοτευσεν
1233 1040 1289 1091 {n-
1290 1036 1549 1097 Ἀἶτωλοός.
1573 1061 1654 1123 ωρ-

386 1120 506 1189 'dt-ro
530 1108 575 1168 δε
594 1117 639 1179 ἒξ
659 1113 855 1173 Οἱνεωνος
874 1138 945 1175 της
966 1114 1179 1206 Λοκρίδος.
1207 1139 1240 1167 οι
1266 1106 1311 1167 δε
1335 1114 1525 1179 Ὀζόλαι
1547 1120 1656 1167 οὑτοι

389 1190 547 1266 Λοκροι
572 1189 848 1263 Ξῦμριαχοι’
830 1211 938 1251 ησαν
951 1227 964 1247 ,
994 1213 1072 1244 και
1099 1187 1178 1244 ἔδει
1203 1187 1354 1250 αὐτους
1381 1213 1658 1283 πανστρατια

388 1290 644 1331 απαντησαι
671 1292 754 1326 τοις
772 1267 1028 1328 Ἀθηναίοις
1017 1290 1057 1325 ες
1081 1291 1148 1330 την
1170 1289 1405 1340 μεσογειον.
1433 1266 1540 1327 ὄντες
1563 1264 1656 1336 γαρ

392 1415 620 1459 Parnassum
638 1415 687 1456 ad
715 1415 889 1456 dextram
913 1414 1056 1465 habet,
1079 1414 1204 1456 donec
1227 1412 1466 1456 descenderet
1488 1415 1535 1456 ad
1558 1414 1662 1456 Pho·

389 1486 543 1537 censes,
567 1487 636 1540 qui
655 1496 817 1541 propter
839 1484 1069 1535 amicitiam,
1088 1498 1188 1539 quae
1208 1483 1295 1541 ipsis
1311 1498 1402 1527 cum
1419 1483 1662 1526 Atheniensi,-

389 1560 466 1599 bus
490 1567 684 1613 perpetuo
703 1555 901 1610 quondam
927 1554 1207 1606 intercesserat,
1227 1555 1277 1596 ad
1298 1555 1460 1597 eandem
1483 1555 1662 1596 militiam
1722 1562 1727 1566 “

389 1627 566 1668 alacriter
593 1625 779 1675 venturi,
810 1624 877 1666 vel
902 1625 1020 1666 etiam
1046 1637 1115 1680 per
1149 1624 1230 1666 vim
1244 1655 1257 1675 ,
1287 1637 1368 1680 qua
1397 1634 1660 1679 cogerentur,

387 1698 603 1755 profe&uri
623 1697 865 1739 videbantur.
900 1698 977 1737 iam
1003 1709 1103 1738 vero
1131 1696 1297 1739 Boeotia
1317 1695 1577 1737 Phocensibus
1603 1694 1658 1736 est

387 1769 565 1810 finitima.
596 1770 700 1811 Cum
720 1769 901 1810 omnibus
917 1769 1035 1822 igitur
1056 1769 1177 1823 copiis
1189 1801 1201 1819 ,
1221 1768 1353 1809 invitis
1367 1767 1662 1818 Acarnanibus,

389 1851 414 1878 a
440 1838 615 1879 Leucade
645 1837 826 1888 solvens,
854 1850 967 1878 oram
1002 1837 1232 1878 maritimam
1264 1837 1394 1893 legens
1419 1837 1467 1879 ad
1493 1837 1659 1880 Sollium

389 1906 605 1960 navigavit.
637 1905 813 1946 Confilio
839 1916 968 1947 autem
992 1919 1081 1947 cum
1105 1904 1375 1946 Acarnanibus
1395 1906 1661 1947 communica-

387 1985 455 2024 to,
473 1989 566 2016 cum
586 1975 640 2016 illi
659 1975 735 2017 hoc
755 1988 838 2017 non
860 1974 1109 2026 admififfent‚
1127 1975 1238 2030 quod
1262 1975 1476 2018 Leucadem
1495 1975 1660 2017 circum·

389 2043 537 2085 vallare
557 2043 757 2092 noluisset,
778 2043 855 2100 ipse
874 2058 968 2085 cum
988 2044 1147 2099 reliquis
1165 2044 1289 2098 copiis
1302 2043 1662 2098 Cephalleniorum,

390 2113 669 2155 Messeniorum
684 2145 696 2163 ‚
719 2114 1031 2167 Zacynthiorum
1042 2147 1055 2166 ,
1072 2115 1115 2156 δι
1135 2125 1395 2157 trecentorum
1406 2127 1455 2156 ex
1474 2113 1553 2155 suis
1572 2113 1662 2155 clas·

389 2185 507 2227 fiariis
521 2186 814 2228 Atheniensium
834 2194 945 2240 (nam
966 2188 1185 2242 quindecim
1199 2187 1523 2241 Corcyraeorum
1539 2198 1659 2227 naves

390 2253 593 2308 abierant)
617 2254 771 2296 Aetolis
796 2255 941 2296 bellum
965 2256 1107 2296 intulit.
1141 2256 1201 2297 Ex
1229 2255 1399 2297 Oenone
1426 2266 1557 2296 autem
1580 2256 1660 2296 Lo·

390 2322 506 2363 cridis
536 2322 735 2378 profeftus
757 2323 823 2366 est.
855 2324 918 2365 Isti
947 2336 1077 2366 autem
1102 2325 1221 2366 Locri
1240 2326 1391 2367 Ozolae
1410 2336 1519 2367 erant
1537 2325 1658 2376 socii,

391 2393 537 2448 eosque
555 2408 643 2436 cum
664 2397 848 2438 omnibus
868 2396 944 2438 suis
963 2397 1085 2451 copiis
1097 2397 1138 2436 in
1159 2396 1245 2438 loca
1269 2396 1544 2438 mediterranea
1564 2409 1657 2451 pro·

390 2464 508 2508 ficisci
527 2467 757 2523 oportebat,
772 2479 816 2509 ut
829 2467 904 2510 illic
913 2467 1208 2511 Athenienfibus
1228 2466 1382 2523 praesto
1399 2466 1531 2509 essent.
1549 2466 1658 2522 quod

1731 2372 1734 2464 i

1732 2465 1734 2506 ἶ

1727 2800 1734 3158 ΜΛ,-,-..--Ᾰ.-“-.-
