1734 3158
358 241 448 289 134
641 226 1327 276 THUCYDIDIS

351 344 430 373 και
456 316 538 379 τας
561 345 720 382 κωπας
743 320 991 375 αδοπτ-σι’
962 342 1067 382 οντες
1093 325 1129 376 ὲν
1154 319 1370 395 κλυδωνίῳ
1396 319 1616 415 ἄναφερειν

354 396 606 469 ἄνθρωποι
586 398 747 472 οἱπειροι
761 437 774 455 ,
803 423 886 458 τοις
915 399 1188 492 κυβερνηταις
1193 397 1511 491 ἀπειθέα-ερας
1535 426 1616 461 τας

353 474 452 532 ναῧς
467 490 681 544 παρειχον”
700 497 790 527 τοτε
810 468 858 534 δη
873 499 997 528 κατα
1011 500 1075 530 τον
1094 498 1231 548 καιρον
1246 499 1383 529 τουτον
1397 484 1591 547 σημαίνει
1601 494 1625 534 ,’

352 573 432 604 και
455 555 488 601 οἱ
507 551 706 611 Ἀθηναῖόι
728 574 1054 624 προσπεσοντες,
1081 550 1235 635 πρῶτον
1257 573 1332 622 μεν
1353 551 1616 608 καταδυουσι

352 650 431 678 των
448 628 736 717 στρατηγίδων
748 650 842 679 vemt·
860 633 986 698 μίαν,
1005 625 1156 680 ἔπειτα
1174 619 1219 679 δε
1237 652 1314 680 και
1333 651 1415 687 τας
1433 627 1590 688 ἄλλας
1601 667 1614 685 ,

352 702 377 767 ’,ἧ
397 724 653 774 χωρησειαν,
675 700 910 794 διέφθειρον
928 725 1006 755 και
1028 700 1298 764 κατέστησαν
1322 706 1361 762 ἐς
1379 699 1520 766 αλκην
1538 725 1616 775 μεν

352 775 512 848 μηδένα
527 775 770 851 τρέπεσθαι
790 777 926 830 αὐτων
942 775 1025 830 ὑπο
1048 803 1117 840 της
1135 801 1357 872 ταραχης,
1370 778 1548 844 <Dav-ysne
1571 780 1615 832 δ’

353 856 393 912 ἒς
412 852 620 926 Πατρας,
650 878 728 906 και
753 852 905 924 Δυμην
929 876 1000 915 της
1024 851 1231 917 Ἀχαὶας.
1258 860 1291 906 οἱ
1319 846 1366 906 δε
1390 856 1614 917 Ἀθηναιοι,

353 929 714 992 καταδιωξαντες,
736 953 814 981 και
831 930 928 988 ναῧς
943 926 1109 983 δωδεκα
1122 929 1332 992 λαβόντες
1342 968 1353 986 ,
1371 930 1462 991 τούς
1476 954 1521 984 τε
1537 955 1614 984 αν-

351 1006 465 1081 δρας
478 1006 522 1068 ἐξ
554 1005 692 1058 αὐτων
718 1030 810 1064 τους
834 1012 1064 1065 πλείστους
1090 1005 1350 1076 ἀνελόμενοι,
1382 1009 1422 1066 ἐς
1450 1005 1615 1060 Μολυ-

351 1104 475 1176 κρειον
496 1078 729 1134 ἀπέπλεον·
758 1105 835 1134 και
857 1106 1048 1153 τροπαιον
1068 1105 1297 1143 στησαντες
1315 1080 1385 1134 ἐπι
1404 1084 1466 1156 τῷ
1488 1084 1611 1155 “Pacp,

350 1181 428 1209 και
451 1157 546 1210 ναῧν
561 1155 772 1216 αναθέντες
787 1183 846 1230 τῳ
823 1157 1156 1214 Ποσειδωνι,
1135 1157 1408 1232 ανεχῶρησαν
1426 1162 1465 1218 ἐς
1481 1158 1614 1212 Ναυ-

350 1255 530 1286 ‘noem-ov.
560 1216 874 1307 παρέπλευσαν
905 1225 950 1286 δε
974 1256 1052 1286 και
1082 1240 1114 1286 οἱ
1143 1234 1474 1296 Πελοποννησιοι
1501 1233 1613 1294 εὐθυς

350 1313 447 1368 ταῖς
465 1317 718 1383 περιλοίποις
735 1334 814 1363 των
834 1333 926 1367 νεων
946 1313 994 1363 ἐκ.
1011 1334 1081 1372 της
1097 1309 1252 1380 Δυμης
1273 1333 1351 1363 και
1370 1310 1582 1385 Πατρων’
1572 1333 1612 1371 ες

349 1456 575 1512 piebantur‚
592 1470 664 1499 nec
679 1458 926 1499 hortatorum
942 1470 1063 1499 voces
1080 1458 1262 1501 exaudire
1279 1467 1473 1512 poterant.
1495 1457 1622 1512 Quo-

348 1530 452 1575 niam
472 1540 603 1571 autem
622 1529 797 1572 homines
818 1529 986 1585 imperiti
998 1542 1128 1572 remos
1147 1529 1186 1568 in
1206 1529 1323 1570 maris
1340 1529 1470 1583 agitati
1490 1529 1619 1571 flueti-

348 1601 421 1642 bus
442 1602 618 1644 attollere
645 1616 725 1644 non
752 1612 959 1657 poterant,
989 1614 1110 1643 naves
1137 1601 1462 1655 gubernatoribus
1490 1601 1617 1643 minus

347 1673 659 1727 obtemperantes
679 1673 924 1728 praebebant.
952 1673 1070 1714 Tunc
1093 1685 1194 1714 vero
1214 1671 1424 1722 Phormio,
1442 1671 1518 1713 hoc
1531 1671 1615 1726 ipso

347 1743 536 1796 temporis
562 1742 752 1792 articulo,
776 1741 851 1784 suis
870 1742 934 1782 dat
958 1741 1131 1796 signum:
1155 1740 1199 1782 &
1217 1739 1496 1790 Athenienses,
1515 1739 1615 1782 fa&a

346 1811 592 1868 iinpreffione
607 1845 620 1864 ‚
645 1813 813 1869 primum
832 1812 986 1867 quidem
1013 1825 1130 1854 unam
1151 1825 1201 1853 ex
1222 1811 1422 1866 praetoriis
1446 1810 1616 1852 navibus

345 1884 595 1938 deprimunt3
626 1882 759 1923 deinde
782 1893 882 1923 vero
912 1881 958 1922 δι,
981 1881 1097 1929 alias,
1122 1893 1354 1935 quacunque
1382 1879 1616 1932 transibant,

345 1953 661 2007 corrumpebant.
688 1953 737 1993 Et
754 1951 990 2002 effecerunt,
1011 1961 1056 1992 ut
1079 1950 1211 1991 nullus
1233 1948 1403 2004 ipsorum
1416 1980 1428 1999 ‚
1453 1959 1615 2003 propter

344 2022 678 2076 perturbationem
689 2054 701 2072 ‚
720 2022 769 2062 ad
786 2020 1031 2063 resistendum
1052 2019 1091 2061 se
1109 2028 1355 2062 converteret
1365 2033 1380 2068 3
1401 2016 1464 2059 sed
1481 2017 1614 2058 Patras

344 2090 504 2140 versus,
525 2083 567 2132 δί
587 2091 751 2145 Dymen
769 2091 943 2132 Achaiae
961 2090 1151 2145 fugerent.
1176 2086 1427 2131 Athenienses
1445 2099 1546 2129 vero
1567 2086 1613 2128 il-

343 2159 406 2200 los
429 2158 641 2214 persecuti,
664 2158 860 2214 captisque
888 2159 1094 2200 duodecim
1116 2157 1304 2208 navibus,
1323 2157 1368 2198 &
1387 2154 1510 2198 occisa
1530 2166 1613 2194 ma·

343 2232 450 2272 xima
475 2243 583 2285 parte
607 2231 808 2273 hominum
828 2262 840 2280 ‚
865 2233 935 2286 qui
955 2233 994 2272 'm
1012 2230 1086 2272 illis
1108 2240 1218 2272 erant
1228 2260 1243 2279 ,
1273 2229 1320 2270 ad
1342 2226 1611 2280 Molycricum

305 2287 311 2293 ⁶
342 2301 581 2354 navigarunt
591 2333 604 2351 ,
625 2302 668 2342 δι
680 2313 891 2357 tropaeum
906 2303 945 2343 in
967 2301 1243 2357 promontorio
1253 2299 1363 2341 Rhio
1381 2298 1620 2348 statuerunt,

341 2369 514 2423 navique
530 2370 725 2424 Neptuno
749 2369 998 2420 consecrata,
1024 2369 1272 2424 Naupaetum
1296 2368 1505 2410 redierunt.
1538 2366 1609 2408 Pe-

341 2439 558 2494 loponnefii
581 2454 740 2495 quoque
763 2455 855 2482 cum
882 2440 1040 2495 reliquis
1064 2440 1228 2481 navibus
1250 2453 1298 2480 ex
1316 2439 1454 2492 Dyme
1475 2439 1517 2480 &
1537 2438 1608 2480 Pa-

341 2511 408 2555 tris
428 2511 475 2552 ad
493 2511 687 2565 Cyllenen
701 2542 713 2562 ,
733 2511 918 2553 Eleorum
944 2511 1104 2559 navale,
1124 2509 1325 2553 confestim
1350 2508 1609 2566 praeterveffl

1723 2940 1734 3063 -.-·—*
1725 2764 1734 2931 -.-—-—-—-.-*

1721 3074 1734 3158 :ri-*ff
