1734 3158
346 197 445 241 414
548 174 1422 225 ANNOTATIONES

344 265 502 308 striaim
528 281 565 322 p.
595 279 670 321 309
691 279 724 306 a.
748 266 875 306 lom.
901 265 1034 307 Suidas
1053 266 1131 314 ibi,
1156 275 1201 305 ut
1222 263 1450 306 observavit
1471 262 1628 305 Kuster.

345 319 539 376 descripfit
561 322 683 362 verba
703 319 935 361 Scholiastae
952 320 998 361 ad
1019 333 1103 374 cap.
1133 331 1194 372 25.

403 379 479 415 ead.
511 376 536 414 l.
573 388 631 427 13.
665 375 832 428 Ὠρωπὶν
899 375 1028 415 Huius
1059 372 1166 413 urbis
1192 373 1449 413 meminerunt
1474 369 1628 412 Demo-

346 429 499 471 sthenes
513 429 560 470 de
573 429 671 470 Pace
691 443 729 483 p.
758 442 821 474 22,
886 429 1040 468 emades
1063 427 1176 468 Orat.
1203 442 1301 482 239,
1320 426 1508 468 Isocrates
1531 426 1626 474 446,

347 483 605 526 Menedemus
624 483 727 538 apud
744 482 940 523 Laertium
968 483 1039 522 162
1053 512 1065 531 ,
1087 481 1220 522 Liban.
1241 494 1331 533 451-
1362 480 1487 523 Adeat
1505 478 1628 520 leEtor

336 537 575 633 ,δώἕιεξθιιη
601 535 649 581 ὶηῖ
673 536 853 577 Plinianis
878 549 966 591 pag.
994 549 1093 585 104,
1120 535 1162 576 δι
1189 535 1424 576 Whelerum
1453 533 1628 574 Itinerar.

347 607 377 642 4
432 622 441 631 .
530 602 617 631 Ass.

383 606 488 686 5ibid.
514 644 584 686 Τὴν
611 642 838 696 namium)
872 643 1003 684 Locus
1029 642 1095 684 hic
1119 643 1291 687 exercuit
1311 641 1549 683 Criticorum
1572 641 1631 683 in-

348 700 476 753 genia.
508 698 583 739 Sed
611 697 730 738 credo
760 696 853 737 nihil
883 697 1112 738 mutandum
1145 696 1232 738 effe·
1267 697 1370 738 Nam
1396 709 1486 737 cum
1515 695 1632 737 Oro-

349 767 428 812 pus
450 752 543 793 situs
567 751 683 793 fuerit
709 751 757 791 ad
778 764 884 792 mare
909 764 932 792 e
952 751 1111 804 regione
1134 751 1343 800 Euboeae,
1372 749 1459 791 satis
1484 762 1633 791 conve·

349 808 430 856 nit,
483 806 647 848 uendam
673 818 855 868 campum
884 817 1008 859 prope
1046 805 1136 845 litus
1162 803 1279 845 situm
1304 803 1555 846 commodum
1584 803 1633 844 ad

354 872 464 902 trans
502 861 715 902 erationem
739 872 778 900 m
798 859 999 900 Euboeam
1019 857 1239 913 oppofitam
1264 857 1371 900 fuiffe
1385 858 1528 899 dmum
1549 863 1636 898 Πει-

352 918 482 970 ροιϊιδον
498 914 655 962 maior,
670 914 735 954 vei
753 912 808 967 γῆ
827 914 1007 965 Πειραϊκὴ
1020 944 1032 961 ‚
1046 912 1097 953 sle
1110 911 1125 952 ὁ
1138 912 1333 966 Πειραιεὺς
1354 924 1493 967 portus
1511 911 1635 951 Athe-

353 982 496 1010 narum
521 968 643 1009 dietus
664 967 718 1009 est
747 968 827 1007 &orb
848 966 917 1008 τοῦ
941 965 1101 1021 στειρᾷν,
1126 980 1149 1007 a
1167 966 1463 1007 transfretando.
1486 965 1635 1006 Palme-

351 1024 448 1064 rius.
470 1025 624 1064 Verum
648 1022 691 1063 δι
712 1021 831 1062 altera
850 1020 965 1062 leetio
980 1020 1132 1061 defendi
1149 1019 1275 1075 potest
1294 1019 1522 1062 auctoritate
1543 1019 1634 1060 Ari·
1716 1005 1734 1057 ζ’ξ

354 1077 523 1126 stotelis,
538 1076 568 1117 sl
591 1076 685 1117 fides
708 1076 905 1130 Stephano
921 1074 966 1115 fit
982 1074 1155 1116 habenda
1172 1076 1211 1115 in
1235 1075 1425 1129 Ὠρωπὶς,
1443 1073 1512 1115 ubi
1539 1073 1635 1114 haec

355 1141 587 1174 occurrunt:
613 1129 880 1185 Ἀριστοτέλης
898 1128 995 1183 γοῦν
1010 1132 1081 1191 τὶν
1092 1128 1267 1183 Ὦρωπον
1290 1128 1428 1184 Γραῖαν
1450 1127 1549 1180 φησὶ
1576 1128 1638 1167 λέ·

357 1190 526 1240 'yso-&an
544 1184 586 1225 ‘H
609 1184 656 1225 sk
675 1183 792 1239 Γροιῖοι
804 1216 817 1234 ,
839 1183 958 1225 τόπος
981 1197 1048 1226 της
1065 1182 1257 1237 Ὠρωπίοις
1269 1214 1281 1233 ,
1299 1185 1392 1235 πρὶς
1409 1181 1459 1234 τῇ
1481 1182 1639 1222 θαλάσ-

357 1256 404 1292 σῃ
437 1241 503 1281 καὶ
533 1239 712 1294 ἜρεΘρίοις
737 1238 805 1279 καὶ
835 1238 993 1285 Εὐβοίας
1014 1238 1173 1289 κειμένη.
1195 1237 1297 1278 Vide
1318 1238 1567 1290 Hartungum
1593 1237 1636 1277 δι

356 1294 605 1350 Leopardum
634 1294 677 1333 in
706 1291 910 1334 Thesauro
939 1290 1100 1332 Critico.
1129 1293 1268 1332 Huns.
1296 1292 1373 1332 Hic
1399 1290 1511 1332 locus
1533 1290 1638 1344 apud
1718 1334 1721 1338 ,

358 1349 541 1404 Stephan.
565 1349 606 1388 in
625 1348 668 1386 Ὠ
692 1348 794 1387 coortae
815 1347 869 1387 ita
885 1345 1044 1400 legitur:
1067 1344 1222 1399 παριότι
1249 1349 1408 1398 (errore
1428 1343 1639 1386 scribarum

357 1417 435 1458 pro
460 1364 693 1456 ompubv‘ter5
713 1401 879 1455 Ὠρωπὶν
899 1404 968 1442 τὴν
994 1399 1150 1455 Γραικὴν
1170 1399 1414 1451 καλουμένην.
1434 1398 1512 1440 Pro
1535 1404 1641 1453 spou-

357 1457 427 1499 κὴν
450 1457 502 1497 ibi
523 1457 589 1497 alii
611 1456 744 1509 legunt
768 1454 920 1509 Γροιίιιν,
938 1453 1002 1494 alii
1019 1453 1174 1507 Γραῖαν,
1190 1453 1255 1494 alii
1273 1453 1457 1509 Γραῖκὶιν,
1477 1466 1523 1494 ac
1547 1465 1639 1507 per-

359 1512 453 1552 inde
475 1511 585 1555 varie
602 1510 879 1563 Thucydidem
898 1508 1114 1549 emendant.
1132 1508 1210 1548 vid.
1232 1508 1462 1563 interpretes
1479 1506 1640 1560 Stepha-

359 1567 428 1615 ni,
450 1563 603 1606 Salmas.
629 1565 677 1605 ad
699 1564 820 1605 Solin.
839 1563 865 1604 1.
886 1563 923 1602 d.
945 1562 986 1603 &
1002 1575 1106 1616 quos
1126 1562 1256 1603 laudat
1278 1560 1455 1603 Hudson.
1477 1561 1640 1602 Palmer.
1717 1555 1718 1558 ’

359 1620 528 1661 Exercit.
555 1631 641 1673 pag.
668 1618 734 1667 48.
771 1619 964 1671 Hartung.
995 1617 1140 1657 Locor.
1170 1616 1384 1657 memorab.
1414 1614 1562 1656 Decur.
1594 1629 1609 1654 1
1627 1646 1640 1666 ‚
1714 1631 1716 1671 ss

359 1688 446 1728 cap.
475 1688 509 1713 2.
530 1674 573 1714 δι
595 1672 785 1726 Leopard.
803 1673 880 1713 XX
901 1672 1061 1712 Emend.
1085 1672 1145 1712 16.
1165 1670 1265 1711 Add.
1284 1669 1449 1712 Casaub.
1471 1670 1519 1710 ad
1537 1669 1641 1710 Stra-

361 1729 456 1769 bon.
480 1728 562 1778 IX,
581 1741 667 1782 pag.
695 1740 788 1776 404.

418 1783 511 1836 Pag.
538 1796 603 1831 4¹·
629 1784 654 1821 l.
682 1795 716 1821 1.
736 1779 958 1829 ψύλοικοις)
985 1780 1093 1820 Haec
1114 1777 1325 1832 scripturae
1344 1777 1565 1828 diverfitas,
1583 1778 1643 1818 ni-

360 1836 415 1880 hil
441 1835 589 1877 sensum
611 1836 819 1876 immutans
834 1866 846 1884 ‚
867 1847 956 1875 cum
980 1834 1086 1888 apud
1115 1832 1235 1883 alios,
1256 1843 1342 1873 tum
1370 1831 1473 1887 apud
1505 1833 1642 1874 Xeno·
1713 1868 1719 1872 .

360 1891 552 1947 phontem
573 1891 688 1930 etiam
715 1886 904 1930 occurrit.
925 1887 998 1928 Sed
1024 1887 1085 1927 hic
1105 1900 1195 1928 cum
1220 1886 1404 1940 sequatur
1424 1885 1643 1940 φυλάξειν,

359 1946 455 1999 cogi
478 1958 552 1985 nos
569 1956 668 1999 puto
688 1945 898 1995 φυλακᾶς,
916 1954 997 1982 non
1016 1941 1201 1992 φύλακας
1223 1941 1361 1994 legere.
1383 1939 1536 1981 STEPH.

418 2002 495 2040 ead.
517 2000 543 2039 l.
570 2013 608 2047 4.
634 1998 705 2038 Καὶ
726 1998 848 2052 χίλιοι
867 1994 1052 2036 τάλαντα.
1073 1994 1175 2050 διε.)
1195 1995 1301 2036 Vide
1315 1994 1476 2036 Meursii
1493 1993 1642 2036 Cecro-

361 2054 495 2108 piam,
513 2067 547 2094 c.
579 2053 628 2093 26
643 2083 655 2103 ,
680 2065 718 2107 p.
738 2066 804 2106 73.
829 2051 970 2093 HUDS.

420 2110 496 2148 ead.
522 2109 548 2147 l.
574 2105 611 2146 8.
628 2106 694 2147 ’Ἢν
713 2105 767 2157 μὴ
795 2104 826 2144 οἱ
852 2104 961 2158 πολ.)
989 2103 1091 2145 Vide
1112 2102 1221 2144 Petiti
1247 2102 1369 2157 Leges
1397 2101 1572 2152 Attica,
1600 2114 1641 2155 p.

365 2160 444 2216 382
471 2161 547 2205 ἃς.
567 2161 692 2202 IDEM.
713 2160 887 2202 Lexicon
907 2157 979 2199 Ms.
1004 2159 1045 2198 in
1061 2158 1159 2199 Bibl.
1183 2157 1343 2198 Coislin.
1368 2156 1387 2198 ii
1411 2156 1475 2197 ἐὰν
1494 2178 1541 2187 -
1564 2155 1646 2196 ἔοι-ι-

364 2214 558 2257 σνλέουσιιι.
581 2216 600 2255 ἢ
623 2212 845 2264 {harenata-521?
866 2208 1042 2267 ὑπάρχει
1055 2211 1136 2252 τοῖς
1153 2207 1401 2252 ἐπιστήσασι
1424 2210 1645 2260 πολεμίοις,

364 2280 564 2323 corrupte.
593 2268 695 2319 νηΐτῃ
720 2267 846 2319 στόλῳ
876 2267 990 2317 citat,
1015 2266 1182 2320 opinor,
1213 2278 1263 2306 ex
1280 2265 1475 2318 Procopio
1495 2264 1645 2305 Suidas.

363 2325 514 2368 WASS.

419 2380 496 2420 ead·
521 2377 546 2417 l.
573 2390 611 2430 9.
639 2374 738 2429 Τὸν)
763 2374 886 2416 Abest
910 2386 933 2415 a
953 2371 1039 2415 Mff.
1058 2382 1103 2414 ut
1121 2371 1251 2413 noster
1272 2371 1312 2413 in
1334 2370 1404 2412 111.
1423 2371 1465 2412 δι
1490 2370 1646 2412 Demo-

369 2430 522 2472 sthenes
546 2428 625 2471 sme
645 2429 826 2470 articulo.
855 2428 983 2468 Imm.
1711 2435 1713 2438 ·

421 2486 516 2542 Pag.
537 2499 600 2538 4²·
625 2484 652 2526 l.
674 2498 712 2535 4.
742 2482 937 2538 Μεθώνην)
964 2479 1135 2526 Diodor.
1165 2492 1242 2538 309
1265 2479 1304 2523 b.
1327 2478 1432 2522 reete
1452 2479 1556 2524 addit
1575 2476 1645 2522 ,τοῖς
1705 2490 1734 2532 g
