<?xml version="1.0" encoding="UTF-8"?>
<!DOCTYPE html PUBLIC "-//W3C//DTD XHTML 1.0 Transitional//EN"
    "http://www.w3.org/TR/xhtml1/DTD/xhtml1-transitional.dtd">
<html xmlns="http://www.w3.org/1999/xhtml" xml:lang="en" lang="en">
 <head>
  <title>
</title>
<meta http-equiv="Content-Type" content="text/html;charset=utf-8" />
  <meta name='ocr-system' content='tesseract 3.04.00' />
  <meta name='ocr-capabilities' content='ocr_page ocr_carea ocr_par ocr_line ocrx_word'/>
</head>
<body>
  <div class='ocr_page' id='page_1' title='image "./debellopeloponn02thucuoft_0158.png"; bbox 0 0 1734 3158; ppageno 0'>
   <div class='ocr_carea' id='block_1_1' title="bbox 377 237 1353 303">
    <p class='ocr_par' dir='ltr' id='par_1_1' title="bbox 377 237 1353 303">
     <span class='ocr_line' id='line_1_1' title="bbox 377 237 1353 303; baseline -0.007 -13"><span class='ocrx_word' id='word_1_1' title='bbox 377 240 465 303; x_wconf 82' lang='lat'>148</span> <span class='ocrx_word' id='word_1_2' title='bbox 661 237 1353 285; x_wconf 87' lang='lat' dir='ltr'>THUCYDIDIS</span> 
     </span>
    </p>
   </div>
   <div class='ocr_carea' id='block_1_2' title="bbox 371 320 1732 398">
    <p class='ocr_par' dir='ltr' id='par_1_2' title="bbox 371 320 1732 398">
     <span class='ocr_line' id='line_1_2' title="bbox 371 320 1732 398; baseline -0.002 -15"><span class='ocrx_word' id='word_1_3' title='bbox 371 354 452 383; x_wconf 81' lang='grc' dir='ltr'>των</span> <span class='ocrx_word' id='word_1_4' title='bbox 479 333 527 382; x_wconf 71' lang='grc' dir='ltr'>αἱ</span> <span class='ocrx_word' id='word_1_5' title='bbox 555 322 646 381; x_wconf 71' lang='grc' dir='ltr'>ἀπο</span> <span class='ocrx_word' id='word_1_6' title='bbox 672 351 742 380; x_wconf 88' lang='grc' dir='ltr'>του</span> <span class='ocrx_word' id='word_1_7' title='bbox 770 326 899 390; x_wconf 67' lang='grc' dir='ltr'><em>δεξιοῦ</em></span> <span class='ocrx_word' id='word_1_8' title='bbox 925 323 1050 398; x_wconf 72' lang='grc' dir='ltr'><em>κε’ρως</em></span> <span class='ocrx_word' id='word_1_9' title='bbox 1079 326 1237 379; x_wconf 67' lang='grc' dir='ltr'><em>ἐδίωκον</em></span> <span class='ocrx_word' id='word_1_10' title='bbox 1260 349 1342 384; x_wconf 77' lang='grc' dir='ltr'>τας</span> <span class='ocrx_word' id='word_1_11' title='bbox 1367 320 1516 380; x_wconf 63' lang='lat' dir='ltr'>eudemo</span> <span class='ocrx_word' id='word_1_12' title='bbox 1544 329 1674 390; x_wconf 59' lang='grc' dir='ltr'><em>ναῦς,</em></span> <span class='ocrx_word' id='word_1_13' title='bbox 1728 347 1732 354; x_wconf 81' lang='grc'><em>“</em></span> 
     </span>
    </p>
   </div>
   <div class='ocr_carea' id='block_1_3' title="bbox 373 397 1642 490">
    <p class='ocr_par' dir='ltr' id='par_1_3' title="bbox 373 397 1642 490">
     <span class='ocr_line' id='line_1_3' title="bbox 373 397 1642 490; baseline -0.002 -30"><span class='ocrx_word' id='word_1_14' title='bbox 373 427 452 460; x_wconf 77' lang='grc' dir='ltr'>των</span> <span class='ocrx_word' id='word_1_15' title='bbox 468 406 687 469; x_wconf 72' lang='grc' dir='ltr'><em>Ἀθηναίων</em></span> <span class='ocrx_word' id='word_1_16' title='bbox 697 441 709 460; x_wconf 83' lang='grc'><strong><em>,</em></strong></span> <span class='ocrx_word' id='word_1_17' title='bbox 730 404 858 471; x_wconf 65' lang='grc' dir='ltr'><em>αἵπερ</em></span> <span class='ocrx_word' id='word_1_18' title='bbox 874 399 1147 468; x_wconf 73' lang='grc' dir='ltr'><em>υπεξέφυγον</em></span> <span class='ocrx_word' id='word_1_19' title='bbox 1162 427 1232 464; x_wconf 85' lang='grc' dir='ltr'>την</span> <span class='ocrx_word' id='word_1_20' title='bbox 1248 397 1500 490; x_wconf 71' lang='grc' dir='ltr'><em>ὲπιστροφην</em></span> <span class='ocrx_word' id='word_1_21' title='bbox 1517 405 1557 462; x_wconf 77' lang='grc' dir='ltr'>ἒς</span> <span class='ocrx_word' id='word_1_22' title='bbox 1570 429 1642 467; x_wconf 82' lang='grc' dir='ltr'>την</span> 
     </span>
    </p>
   </div>
   <div class='ocr_carea' id='block_1_4' title="bbox 373 475 1645 648">
    <p class='ocr_par' dir='ltr' id='par_1_4' title="bbox 373 475 1645 633">
     <span class='ocr_line' id='line_1_4' title="bbox 375 475 1645 557; baseline -0.003 -22"><span class='ocrx_word' id='word_1_23' title='bbox 375 487 638 557; x_wconf 69' lang='grc' dir='ltr'><em>εὐρυχωρίαν</em></span> <span class='ocrx_word' id='word_1_24' title='bbox 672 503 752 532; x_wconf 74' lang='grc' dir='ltr'>και</span> <span class='ocrx_word' id='word_1_25' title='bbox 785 478 1012 543; x_wconf 73' lang='grc' dir='ltr'><em>φθάνουσιν</em></span> <span class='ocrx_word' id='word_1_26' title='bbox 1044 475 1219 536; x_wconf 70' lang='grc' dir='ltr'><em>αὐτους,</em></span> <span class='ocrx_word' id='word_1_27' title='bbox 1247 492 1360 540; x_wconf 77' lang='grc' dir='ltr'>πλην</span> <span class='ocrx_word' id='word_1_28' title='bbox 1390 481 1500 550; x_wconf 74' lang='grc' dir='ltr'>μιοῖς</span> <span class='ocrx_word' id='word_1_29' title='bbox 1524 502 1645 539; x_wconf 82' lang='grc' dir='ltr'>νεως,Ι</span> 
     </span>
     <span class='ocr_line' id='line_1_5' title="bbox 373 552 1643 648; baseline -0.001 -38"><span class='ocrx_word' id='word_1_30' title='bbox 373 556 807 648; x_wconf 65' lang='grc' dir='ltr'>προκατωφυγοῧσαι</span> <span class='ocrx_word' id='word_1_31' title='bbox 840 558 879 613; x_wconf 77' lang='grc' dir='ltr'>ἒς</span> <span class='ocrx_word' id='word_1_32' title='bbox 905 578 973 617; x_wconf 84' lang='grc' dir='ltr'>την</span> <span class='ocrx_word' id='word_1_33' title='bbox 1005 552 1296 607; x_wconf 62' lang='grc' dir='ltr'><em>Ναύπακτον.</em></span> <span class='ocrx_word' id='word_1_34' title='bbox 1326 578 1404 606; x_wconf 80' lang='grc' dir='ltr'><em>κοιι</em></span> <span class='ocrx_word' id='word_1_35' title='bbox 1435 556 1643 619; x_wconf 69' lang='grc' dir='ltr'>ἴσχουσαι</span> 
     </span>
    </p>
   </div>
   <div class='ocr_carea' id='block_1_5' title="bbox 325 628 1647 783">
    <p class='ocr_par' dir='ltr' id='par_1_5' title="bbox 325 628 1647 783">
     <span class='ocr_line' id='line_1_6' title="bbox 375 628 1647 723; baseline -0.005 -35"><span class='ocrx_word' id='word_1_36' title='bbox 375 640 623 723; x_wconf 72' lang='grc' dir='ltr'><em>ἀντίπρωροι</em></span> <span class='ocrx_word' id='word_1_37' title='bbox 629 655 754 685; x_wconf 73' lang='grc' dir='ltr'><em>καιτοι</em></span> <span class='ocrx_word' id='word_1_38' title='bbox 764 655 810 683; x_wconf 85' lang='grc' dir='ltr'>το</span> <span class='ocrx_word' id='word_1_39' title='bbox 823 628 1113 684; x_wconf 72' lang='grc' dir='ltr'>Ἀπολλωνιαν</span> <span class='ocrx_word' id='word_1_40' title='bbox 1121 668 1134 687; x_wconf 83' lang='grc'><strong>,</strong></span> <span class='ocrx_word' id='word_1_41' title='bbox 1148 630 1546 722; x_wconf 67' lang='grc' dir='ltr'><em>παρεσκευαζοντο’</em></span> <span class='ocrx_word' id='word_1_42' title='bbox 1523 655 1647 723; x_wconf 57' lang='lat' dir='ltr'>oopu-</span> 
     </span>
     <span class='ocr_line' id='line_1_7' title="bbox 325 700 1642 783; baseline -0.004 -18"><span class='ocrx_word' id='word_1_43' title='bbox 325 778 329 783; x_wconf 89' lang='lat'>.</span> <span class='ocrx_word' id='word_1_44' title='bbox 375 710 573 783; x_wconf 75' lang='grc' dir='ltr'><em>νούμενοι,</em></span> <span class='ocrx_word' id='word_1_45' title='bbox 602 734 644 770; x_wconf 84' lang='grc' dir='ltr'>ην</span> <span class='ocrx_word' id='word_1_46' title='bbox 675 711 714 767; x_wconf 79' lang='grc' dir='ltr'>ἐς</span> <span class='ocrx_word' id='word_1_47' title='bbox 741 701 812 769; x_wconf 60' lang='grc' dir='ltr'>τῗιν</span> <span class='ocrx_word' id='word_1_48' title='bbox 840 729 919 772; x_wconf 78' lang='grc' dir='ltr'>γην</span> <span class='ocrx_word' id='word_1_49' title='bbox 947 703 1020 758; x_wconf 62' lang='lat' dir='ltr'>{m</span> <span class='ocrx_word' id='word_1_50' title='bbox 1047 709 1176 769; x_wconf 68' lang='grc' dir='ltr'>σφας</span> <span class='ocrx_word' id='word_1_51' title='bbox 1202 703 1476 760; x_wconf 74' lang='grc' dir='ltr'><em>ἐπίπλέωσ-ιν.</em></span> <span class='ocrx_word' id='word_1_52' title='bbox 1509 714 1544 760; x_wconf 85' lang='grc' dir='ltr'>οἱ</span> <span class='ocrx_word' id='word_1_53' title='bbox 1573 700 1642 766; x_wconf 73' lang='grc' dir='ltr'>δε,</span> 
     </span>
    </p>
   </div>
   <div class='ocr_carea' id='block_1_6' title="bbox 374 780 1645 930">
    <p class='ocr_par' dir='ltr' id='par_1_6' title="bbox 374 780 1645 930">
     <span class='ocr_line' id='line_1_8' title="bbox 374 780 1644 880; baseline -0.002 -41"><span class='ocrx_word' id='word_1_54' title='bbox 374 787 744 880; x_wconf 69' lang='grc' dir='ltr'><em>παροιγιγνόμενὸι</em></span> <span class='ocrx_word' id='word_1_55' title='bbox 770 780 951 873; x_wconf 77' lang='grc' dir='ltr'><em>ὕστερον,</em></span> <span class='ocrx_word' id='word_1_56' title='bbox 979 781 1215 845; x_wconf 72' lang='grc' dir='ltr'><em>ἒποιιωνιζον</em></span> <span class='ocrx_word' id='word_1_57' title='bbox 1233 805 1278 835; x_wconf 84' lang='grc' dir='ltr'>τε</span> <span class='ocrx_word' id='word_1_58' title='bbox 1302 780 1408 852; x_wconf 70' lang='grc' dir='ltr'><em>ἄριοι</em></span> <span class='ocrx_word' id='word_1_59' title='bbox 1424 780 1644 843; x_wconf 66' lang='grc' dir='ltr'><em>πλέοντες,</em></span> 
     </span>
     <span class='ocr_line' id='line_1_9' title="bbox 377 853 1645 930; baseline -0.005 -12"><span class='ocrx_word' id='word_1_60' title='bbox 377 888 432 922; x_wconf 77' lang='grc' dir='ltr'>ως</span> <span class='ocrx_word' id='word_1_61' title='bbox 445 882 687 924; x_wconf 83' lang='grc' dir='ltr'><em>νενικηκοτες</em></span> <span class='ocrx_word' id='word_1_62' title='bbox 698 899 709 917; x_wconf 85' lang='grc'><strong>,</strong></span> <span class='ocrx_word' id='word_1_63' title='bbox 727 882 805 912; x_wconf 66' lang='lat' dir='ltr'>nom</span> <span class='ocrx_word' id='word_1_64' title='bbox 819 881 889 920; x_wconf 83' lang='grc' dir='ltr'>την</span> <span class='ocrx_word' id='word_1_65' title='bbox 902 864 1007 930; x_wconf 68' lang='grc' dir='ltr'><em>μίαν</em></span> <span class='ocrx_word' id='word_1_66' title='bbox 1022 858 1117 910; x_wconf 78' lang='grc' dir='ltr'><em>νοιῧν</em></span> <span class='ocrx_word' id='word_1_67' title='bbox 1130 882 1208 910; x_wconf 80' lang='grc' dir='ltr'>των</span> <span class='ocrx_word' id='word_1_68' title='bbox 1223 853 1499 919; x_wconf 81' lang='grc' dir='ltr'><em>Αθηνοιίων</em></span> <span class='ocrx_word' id='word_1_69' title='bbox 1457 884 1524 920; x_wconf 83' lang='grc' dir='ltr'>την</span> <span class='ocrx_word' id='word_1_70' title='bbox 1537 861 1645 912; x_wconf 73' lang='grc' dir='ltr'>ὐπὸ-</span> 
     </span>
    </p>
   </div>
   <div class='ocr_carea' id='block_1_7' title="bbox 1350 930 1508 953">
    <p class='ocr_par' dir='ltr' id='par_1_7' title="bbox 1350 930 1508 953">
     <span class='ocr_line' id='line_1_10' title="bbox 1350 930 1508 953; baseline 0.006 -1"><span class='ocrx_word' id='word_1_71' title='bbox 1350 930 1367 952; x_wconf 61' lang='grc' dir='ltr'>Χ</span> <span class='ocrx_word' id='word_1_72' title='bbox 1419 934 1444 945; x_wconf 69' lang='grc' dir='ltr'><strong><em>Ν</em></strong></span> <span class='ocrx_word' id='word_1_73' title='bbox 1484 935 1508 953; x_wconf 77' lang='lat'>³!</span> 
     </span>
    </p>
   </div>
   <div class='ocr_carea' id='block_1_8' title="bbox 377 932 1649 1312">
    <p class='ocr_par' dir='ltr' id='par_1_8' title="bbox 377 932 1649 1312">
     <span class='ocr_line' id='line_1_11' title="bbox 377 932 1644 1023; baseline -0.003 -30"><span class='ocrx_word' id='word_1_74' title='bbox 377 954 443 992; x_wconf 79' lang='grc' dir='ltr'>λο</span> <span class='ocrx_word' id='word_1_75' title='bbox 446 963 523 992; x_wconf 71' lang='grc' dir='ltr'>πον</span> <span class='ocrx_word' id='word_1_76' title='bbox 540 938 680 990; x_wconf 66' lang='grc' dir='ltr'><em>ἐδίωκε</em></span> <span class='ocrx_word' id='word_1_77' title='bbox 694 934 925 1023; x_wconf 57' lang='grc' dir='ltr'>ΛευκαδΞω</span> <span class='ocrx_word' id='word_1_78' title='bbox 943 958 1041 992; x_wconf 82' lang='grc' dir='ltr'><em>νσυς</em></span> <span class='ocrx_word' id='word_1_79' title='bbox 1058 940 1147 1005; x_wconf 78' lang='grc' dir='ltr'><em>μίοο</em></span> <span class='ocrx_word' id='word_1_80' title='bbox 1159 932 1277 986; x_wconf 79' lang='grc' dir='ltr'>πολυ</span> <span class='ocrx_word' id='word_1_81' title='bbox 1293 958 1371 1007; x_wconf 76' lang='grc' dir='ltr'>προ</span> <span class='ocrx_word' id='word_1_82' title='bbox 1384 958 1461 988; x_wconf 83' lang='grc' dir='ltr'>των</span> <span class='ocrx_word' id='word_1_83' title='bbox 1474 939 1644 990; x_wconf 68' lang='grc' dir='ltr'>ἄλλων.</span> 
     </span>
     <span class='ocr_line' id='line_1_12' title="bbox 378 1006 1646 1107; baseline -0.004 -38"><span class='ocrx_word' id='word_1_84' title='bbox 378 1015 505 1080; x_wconf 79' lang='grc' dir='ltr'><em>ε’τυχε</em></span> <span class='ocrx_word' id='word_1_85' title='bbox 531 1006 578 1066; x_wconf 63' lang='grc' dir='ltr'>δε</span> <span class='ocrx_word' id='word_1_86' title='bbox 606 1009 746 1070; x_wconf 72' lang='grc' dir='ltr'>ὁλκας</span> <span class='ocrx_word' id='word_1_87' title='bbox 772 1010 961 1107; x_wconf 70' lang='grc' dir='ltr'>ὁρμοῦσαι</span> <span class='ocrx_word' id='word_1_88' title='bbox 986 1032 1208 1102; x_wconf 82' lang='grc' dir='ltr'><em>μετεωρος,</em></span> <span class='ocrx_word' id='word_1_89' title='bbox 1236 1033 1328 1084; x_wconf 75' lang='grc' dir='ltr'><em>περι</em></span> <span class='ocrx_word' id='word_1_90' title='bbox 1354 1034 1396 1073; x_wconf 83' lang='grc' dir='ltr'>ην</span> <span class='ocrx_word' id='word_1_91' title='bbox 1422 1014 1444 1072; x_wconf 81' lang='grc' dir='ltr'><em>ἦ</em></span> <span class='ocrx_word' id='word_1_92' title='bbox 1470 1006 1646 1074; x_wconf 70' lang='lat' dir='ltr'>&#39;Ar-nnn</span> 
     </span>
     <span class='ocr_line' id='line_1_13' title="bbox 378 1084 1646 1183; baseline -0.002 -40"><span class='ocrx_word' id='word_1_93' title='bbox 378 1093 478 1150; x_wconf 79' lang='grc' dir='ltr'><em>νοιῧς</em></span> <span class='ocrx_word' id='word_1_94' title='bbox 498 1088 729 1155; x_wconf 61' lang='grc' dir='ltr'>φθάσασα,</span> <span class='ocrx_word' id='word_1_95' title='bbox 745 1110 824 1140; x_wconf 66' lang='lat' dir='ltr'>aas</span> <span class='ocrx_word' id='word_1_96' title='bbox 820 1084 1214 1183; x_wconf 73' lang='grc' dir='ltr'>περιπλεύσοισοι,</span> <span class='ocrx_word' id='word_1_97' title='bbox 1234 1090 1284 1152; x_wconf 66' lang='grc' dir='ltr'>τῇ</span> <span class='ocrx_word' id='word_1_98' title='bbox 1308 1084 1507 1154; x_wconf 66' lang='lat' dir='ltr'>damnove-n</span> <span class='ocrx_word' id='word_1_99' title='bbox 1526 1090 1646 1140; x_wconf 84' lang='grc' dir='ltr'><em>Λευ-</em></span> 
     </span>
     <span class='ocr_line' id='line_1_14' title="bbox 379 1159 1648 1237; baseline -0.003 -17"><span class='ocrx_word' id='word_1_100' title='bbox 379 1168 517 1220; x_wconf 59' lang='lat' dir='ltr'>noadiae</span> <span class='ocrx_word' id='word_1_101' title='bbox 533 1165 762 1237; x_wconf 67' lang='grc' dir='ltr'>ἐμβάλλει</span> <span class='ocrx_word' id='word_1_102' title='bbox 776 1159 910 1235; x_wconf 67' lang='grc' dir='ltr'>μέσῃ,</span> <span class='ocrx_word' id='word_1_103' title='bbox 927 1186 1006 1216; x_wconf 71' lang='grc' dir='ltr'>και</span> <span class='ocrx_word' id='word_1_104' title='bbox 985 1161 1248 1216; x_wconf 66' lang='grc' dir='ltr'><em>καταδόει.</em></span> <span class='ocrx_word' id='word_1_105' title='bbox 1266 1166 1349 1221; x_wconf 79' lang='grc' dir='ltr'><em>τοῖς</em></span> <span class='ocrx_word' id='word_1_106' title='bbox 1367 1185 1442 1232; x_wconf 79' lang='grc' dir='ltr'>μεν</span> <span class='ocrx_word' id='word_1_107' title='bbox 1465 1159 1529 1216; x_wconf 83' lang='grc' dir='ltr'>οὐν</span> <span class='ocrx_word' id='word_1_108' title='bbox 1547 1164 1648 1216; x_wconf 86' lang='grc' dir='ltr'>Πε-</span> 
     </span>
     <span class='ocr_line' id='line_1_15' title="bbox 382 1236 1649 1312; baseline -0.003 -15"><span class='ocrx_word' id='word_1_109' title='bbox 382 1248 682 1305; x_wconf 75' lang='grc' dir='ltr'><em>λοποννησίοις,</em></span> <span class='ocrx_word' id='word_1_110' title='bbox 700 1236 917 1312; x_wconf 68' lang='grc' dir='ltr'><em>γενομένου</em></span> <span class='ocrx_word' id='word_1_111' title='bbox 934 1262 1075 1293; x_wconf 81' lang='grc' dir='ltr'><em>τουτου</em></span> <span class='ocrx_word' id='word_1_112' title='bbox 1094 1262 1164 1292; x_wconf 86' lang='grc' dir='ltr'>του</span> <span class='ocrx_word' id='word_1_113' title='bbox 1140 1237 1494 1312; x_wconf 57' lang='lat' dir='ltr'>damoclem-rou</span> <span class='ocrx_word' id='word_1_114' title='bbox 1506 1262 1552 1293; x_wconf 86' lang='grc' dir='ltr'>τε</span> <span class='ocrx_word' id='word_1_115' title='bbox 1569 1236 1649 1293; x_wconf 61' lang='grc' dir='ltr'>καὶ</span> 
     </span>
    </p>
   </div>
   <div class='ocr_carea' id='block_1_9' title="bbox 379 1396 1654 2575">
    <p class='ocr_par' dir='ltr' id='par_1_9' title="bbox 379 1396 1654 2575">
     <span class='ocr_line' id='line_1_16' title="bbox 379 1396 1651 1462; baseline -0.005 -11"><span class='ocrx_word' id='word_1_116' title='bbox 379 1409 531 1452; x_wconf 86' lang='lat' dir='ltr'>Atticas</span> <span class='ocrx_word' id='word_1_117' title='bbox 566 1419 688 1449; x_wconf 85' lang='lat' dir='ltr'>naves</span> <span class='ocrx_word' id='word_1_118' title='bbox 721 1415 995 1462; x_wconf 86' lang='lat' dir='ltr'>corruperunt.</span> <span class='ocrx_word' id='word_1_119' title='bbox 1028 1403 1102 1447; x_wconf 92' lang='lat' dir='ltr'>Sed</span> <span class='ocrx_word' id='word_1_120' title='bbox 1131 1396 1271 1459; x_wconf 68' lang='lat' dir='ltr'>viginti</span> <span class='ocrx_word' id='word_1_121' title='bbox 1299 1402 1472 1460; x_wconf 88' lang='lat' dir='ltr'>ipsorum</span> <span class='ocrx_word' id='word_1_122' title='bbox 1502 1417 1624 1445; x_wconf 89' lang='lat' dir='ltr'>naves</span> <span class='ocrx_word' id='word_1_123' title='bbox 1637 1430 1651 1454; x_wconf 87' lang='lat'>‚</span> 
     </span>
     <span class='ocr_line' id='line_1_17' title="bbox 382 1473 1651 1533; baseline -0.005 -14"><span class='ocrx_word' id='word_1_124' title='bbox 382 1479 485 1533; x_wconf 90' lang='lat' dir='ltr'>quae</span> <span class='ocrx_word' id='word_1_125' title='bbox 512 1478 553 1518; x_wconf 89' lang='lat' dir='ltr'>in</span> <span class='ocrx_word' id='word_1_126' title='bbox 578 1477 716 1518; x_wconf 88' lang='lat' dir='ltr'>dextro</span> <span class='ocrx_word' id='word_1_127' title='bbox 742 1490 866 1518; x_wconf 91' lang='lat' dir='ltr'>cornu</span> <span class='ocrx_word' id='word_1_128' title='bbox 888 1475 1103 1518; x_wconf 85' lang='lat' dir='ltr'>collocatae</span> <span class='ocrx_word' id='word_1_129' title='bbox 1124 1473 1278 1516; x_wconf 89' lang='lat' dir='ltr'>fuerant</span> <span class='ocrx_word' id='word_1_130' title='bbox 1291 1505 1304 1525; x_wconf 93' lang='lat'>,</span> <span class='ocrx_word' id='word_1_131' title='bbox 1333 1475 1511 1516; x_wconf 88' lang='lat' dir='ltr'>undecim</span> <span class='ocrx_word' id='word_1_132' title='bbox 1526 1473 1651 1514; x_wconf 84' lang='lat' dir='ltr'>Athe-</span> 
     </span>
     <span class='ocr_line' id='line_1_18' title="bbox 380 1543 1651 1602; baseline -0.002 -15"><span class='ocrx_word' id='word_1_133' title='bbox 380 1545 570 1588; x_wconf 85' lang='lat' dir='ltr'>nienfium</span> <span class='ocrx_word' id='word_1_134' title='bbox 593 1559 714 1589; x_wconf 88' lang='lat' dir='ltr'>naves</span> <span class='ocrx_word' id='word_1_135' title='bbox 738 1545 1088 1602; x_wconf 81' lang='lat' dir='ltr'>persequebantur,</span> <span class='ocrx_word' id='word_1_136' title='bbox 1109 1558 1212 1599; x_wconf 89' lang='lat' dir='ltr'>quae</span> <span class='ocrx_word' id='word_1_137' title='bbox 1234 1545 1397 1586; x_wconf 86' lang='lat' dir='ltr'>navium</span> <span class='ocrx_word' id='word_1_138' title='bbox 1425 1543 1651 1585; x_wconf 81' lang='lat' dir='ltr'>converfio-</span> 
     </span>
     <span class='ocr_line' id='line_1_19' title="bbox 379 1613 1651 1671; baseline -0.006 -12"><span class='ocrx_word' id='word_1_139' title='bbox 379 1631 471 1659; x_wconf 91' lang='lat' dir='ltr'>nem</span> <span class='ocrx_word' id='word_1_140' title='bbox 499 1617 667 1658; x_wconf 88' lang='lat' dir='ltr'>vitantes</span> <span class='ocrx_word' id='word_1_141' title='bbox 690 1617 732 1656; x_wconf 89' lang='lat' dir='ltr'>in</span> <span class='ocrx_word' id='word_1_142' title='bbox 752 1626 931 1671; x_wconf 87' lang='lat' dir='ltr'>apertum</span> <span class='ocrx_word' id='word_1_143' title='bbox 954 1628 1060 1656; x_wconf 90' lang='lat' dir='ltr'>mare</span> <span class='ocrx_word' id='word_1_144' title='bbox 1092 1614 1282 1669; x_wconf 85' lang='lat' dir='ltr'>fugerant.</span> <span class='ocrx_word' id='word_1_145' title='bbox 1315 1613 1365 1654; x_wconf 92' lang='lat' dir='ltr'>Et</span> <span class='ocrx_word' id='word_1_146' title='bbox 1388 1613 1476 1654; x_wconf 89' lang='lat' dir='ltr'>illae</span> <span class='ocrx_word' id='word_1_147' title='bbox 1493 1613 1651 1666; x_wconf 88' lang='lat' dir='ltr'>Naupa-</span> 
     </span>
     <span class='ocr_line' id='line_1_20' title="bbox 380 1682 1651 1743; baseline -0.006 -12"><span class='ocrx_word' id='word_1_148' title='bbox 380 1689 488 1731; x_wconf 70' lang='lat' dir='ltr'>&amp;um</span> <span class='ocrx_word' id='word_1_149' title='bbox 519 1688 612 1743; x_wconf 86' lang='lat' dir='ltr'>fuga</span> <span class='ocrx_word' id='word_1_150' title='bbox 640 1688 679 1730; x_wconf 88' lang='lat' dir='ltr'>se</span> <span class='ocrx_word' id='word_1_151' title='bbox 704 1688 953 1743; x_wconf 82' lang='lat' dir='ltr'>recipientes,</span> <span class='ocrx_word' id='word_1_152' title='bbox 983 1696 1133 1742; x_wconf 88' lang='lat' dir='ltr'>praeter</span> <span class='ocrx_word' id='word_1_153' title='bbox 1162 1698 1308 1735; x_wconf 90' lang='lat' dir='ltr'>unam,</span> <span class='ocrx_word' id='word_1_154' title='bbox 1333 1697 1472 1725; x_wconf 66' lang='lat' dir='ltr'>omnes</span> <span class='ocrx_word' id='word_1_155' title='bbox 1502 1682 1651 1725; x_wconf 86' lang='lat' dir='ltr'>hostem</span> 
     </span>
     <span class='ocr_line' id='line_1_21' title="bbox 380 1751 1651 1813; baseline -0.006 -14"><span class='ocrx_word' id='word_1_156' title='bbox 380 1767 649 1813; x_wconf 87' lang='lat' dir='ltr'>praevertunt:</span> <span class='ocrx_word' id='word_1_157' title='bbox 669 1769 837 1811; x_wconf 88' lang='lat' dir='ltr'>cumque</span> <span class='ocrx_word' id='word_1_158' title='bbox 856 1756 906 1796; x_wconf 89' lang='lat' dir='ltr'>ad</span> <span class='ocrx_word' id='word_1_159' title='bbox 917 1754 1110 1810; x_wconf 88' lang='lat' dir='ltr'>Apollinis</span> <span class='ocrx_word' id='word_1_160' title='bbox 1128 1753 1263 1795; x_wconf 89' lang='lat' dir='ltr'>fanum</span> <span class='ocrx_word' id='word_1_161' title='bbox 1282 1751 1538 1808; x_wconf 79' lang='lat' dir='ltr'>appuliffent,</span> <span class='ocrx_word' id='word_1_162' title='bbox 1557 1763 1651 1806; x_wconf 90' lang='lat' dir='ltr'>pro-</span> 
     </span>
     <span class='ocr_line' id='line_1_22' title="bbox 381 1820 1650 1878; baseline -0.006 -11"><span class='ocrx_word' id='word_1_163' title='bbox 381 1828 436 1868; x_wconf 89' lang='lat' dir='ltr'>ris</span> <span class='ocrx_word' id='word_1_164' title='bbox 461 1836 597 1867; x_wconf 87' lang='lat' dir='ltr'>contra</span> <span class='ocrx_word' id='word_1_165' title='bbox 618 1822 746 1866; x_wconf 64' lang='lat' dir='ltr'>hostes</span> <span class='ocrx_word' id='word_1_166' title='bbox 771 1823 892 1866; x_wconf 84' lang='lat' dir='ltr'>verfis</span> <span class='ocrx_word' id='word_1_167' title='bbox 908 1823 986 1865; x_wconf 91' lang='lat' dir='ltr'>sese</span> <span class='ocrx_word' id='word_1_168' title='bbox 1004 1823 1052 1864; x_wconf 87' lang='lat' dir='ltr'>ad</span> <span class='ocrx_word' id='word_1_169' title='bbox 1079 1822 1160 1864; x_wconf 86' lang='lat' dir='ltr'>vim</span> <span class='ocrx_word' id='word_1_170' title='bbox 1191 1820 1491 1878; x_wconf 84' lang='lat' dir='ltr'>propulsandam</span> <span class='ocrx_word' id='word_1_171' title='bbox 1521 1820 1650 1862; x_wconf 88' lang='lat' dir='ltr'>accin-</span> 
     </span>
     <span class='ocr_line' id='line_1_23' title="bbox 382 1891 1651 1950; baseline -0.003 -14"><span class='ocrx_word' id='word_1_172' title='bbox 382 1895 544 1950; x_wconf 86' lang='lat' dir='ltr'>gebant,</span> <span class='ocrx_word' id='word_1_173' title='bbox 564 1893 594 1934; x_wconf 85' lang='lat' dir='ltr'><strong>fi</strong></span> <span class='ocrx_word' id='word_1_174' title='bbox 614 1893 668 1934; x_wconf 83' lang='lat' dir='ltr'>illi</span> <span class='ocrx_word' id='word_1_175' title='bbox 690 1893 739 1933; x_wconf 88' lang='lat' dir='ltr'>ad</span> <span class='ocrx_word' id='word_1_176' title='bbox 758 1903 899 1934; x_wconf 89' lang='lat' dir='ltr'>terram</span> <span class='ocrx_word' id='word_1_177' title='bbox 919 1904 1056 1934; x_wconf 88' lang='lat' dir='ltr'>contra</span> <span class='ocrx_word' id='word_1_178' title='bbox 1082 1891 1121 1933; x_wconf 88' lang='lat' dir='ltr'>se</span> <span class='ocrx_word' id='word_1_179' title='bbox 1139 1892 1330 1934; x_wconf 85' lang='lat' dir='ltr'>venirent.</span> <span class='ocrx_word' id='word_1_180' title='bbox 1357 1891 1418 1932; x_wconf 85' lang='lat' dir='ltr'>mi</span> <span class='ocrx_word' id='word_1_181' title='bbox 1436 1904 1538 1934; x_wconf 86' lang='lat' dir='ltr'>vero</span> <span class='ocrx_word' id='word_1_182' title='bbox 1558 1904 1651 1933; x_wconf 87' lang='lat' dir='ltr'>cum</span> 
     </span>
     <span class='ocr_line' id='line_1_24' title="bbox 382 1963 1654 2022; baseline -0.004 -14"><span class='ocrx_word' id='word_1_183' title='bbox 382 1966 503 2022; x_wconf 88' lang='lat' dir='ltr'>paulo</span> <span class='ocrx_word' id='word_1_184' title='bbox 525 1965 611 2021; x_wconf 92' lang='lat' dir='ltr'>post</span> <span class='ocrx_word' id='word_1_185' title='bbox 640 1963 874 2007; x_wconf 73' lang='lat' dir='ltr'>advenissent</span> <span class='ocrx_word' id='word_1_186' title='bbox 892 1996 904 2015; x_wconf 91' lang='lat'>,</span> <span class='ocrx_word' id='word_1_187' title='bbox 938 1964 1037 2005; x_wconf 89' lang='lat' dir='ltr'>inter</span> <span class='ocrx_word' id='word_1_188' title='bbox 1066 1963 1328 2018; x_wconf 82' lang='lat' dir='ltr'>navigandum</span> <span class='ocrx_word' id='word_1_189' title='bbox 1357 1974 1508 2018; x_wconf 87' lang='lat' dir='ltr'>paeana</span> <span class='ocrx_word' id='word_1_190' title='bbox 1534 1974 1654 2003; x_wconf 87' lang='lat' dir='ltr'>cane·</span> 
     </span>
     <span class='ocr_line' id='line_1_25' title="bbox 382 2033 1654 2091; baseline -0.003 -13"><span class='ocrx_word' id='word_1_191' title='bbox 382 2038 499 2088; x_wconf 89' lang='lat' dir='ltr'>bant,</span> <span class='ocrx_word' id='word_1_192' title='bbox 523 2048 709 2091; x_wconf 87' lang='lat' dir='ltr'>tanquam</span> <span class='ocrx_word' id='word_1_193' title='bbox 733 2034 927 2084; x_wconf 57' lang='lat' dir='ltr'>victores3</span> <span class='ocrx_word' id='word_1_194' title='bbox 959 2034 1002 2075; x_wconf 71' lang='grc' dir='ltr'>δι</span> <span class='ocrx_word' id='word_1_195' title='bbox 1022 2048 1143 2076; x_wconf 81' lang='lat' dir='ltr'>unam</span> <span class='ocrx_word' id='word_1_196' title='bbox 1166 2033 1461 2076; x_wconf 71' lang='lat' dir='ltr'>Atheniensium</span> <span class='ocrx_word' id='word_1_197' title='bbox 1484 2046 1654 2084; x_wconf 88' lang='lat' dir='ltr'>navem,</span> 
     </span>
     <span class='ocr_line' id='line_1_26' title="bbox 384 2102 1653 2161; baseline -0.002 -15"><span class='ocrx_word' id='word_1_198' title='bbox 384 2120 489 2161; x_wconf 89' lang='lat' dir='ltr'>quae</span> <span class='ocrx_word' id='word_1_199' title='bbox 517 2106 664 2161; x_wconf 88' lang='lat' dir='ltr'>reliqua</span> <span class='ocrx_word' id='word_1_200' title='bbox 684 2115 790 2156; x_wconf 88' lang='lat' dir='ltr'>erat,</span> <span class='ocrx_word' id='word_1_201' title='bbox 812 2117 893 2145; x_wconf 88' lang='lat' dir='ltr'>una</span> <span class='ocrx_word' id='word_1_202' title='bbox 913 2105 1106 2146; x_wconf 88' lang='lat' dir='ltr'>Leucadia</span> <span class='ocrx_word' id='word_1_203' title='bbox 1126 2105 1258 2156; x_wconf 88' lang='lat' dir='ltr'>navis,</span> <span class='ocrx_word' id='word_1_204' title='bbox 1278 2117 1381 2160; x_wconf 85' lang='lat' dir='ltr'>quae</span> <span class='ocrx_word' id='word_1_205' title='bbox 1400 2114 1548 2145; x_wconf 81' lang='lat' dir='ltr'>ceteras</span> <span class='ocrx_word' id='word_1_206' title='bbox 1565 2102 1653 2144; x_wconf 85' lang='lat' dir='ltr'>lon-.</span> 
     </span>
     <span class='ocr_line' id='line_1_27' title="bbox 382 2171 1654 2235; baseline -0.002 -21"><span class='ocrx_word' id='word_1_207' title='bbox 382 2187 434 2227; x_wconf 85' lang='lat' dir='ltr'>ge</span> <span class='ocrx_word' id='word_1_208' title='bbox 465 2173 716 2215; x_wconf 86' lang='lat' dir='ltr'>antecedebat</span> <span class='ocrx_word' id='word_1_209' title='bbox 729 2204 742 2223; x_wconf 92' lang='lat'>,</span> <span class='ocrx_word' id='word_1_210' title='bbox 764 2171 1054 2228; x_wconf 87' lang='lat' dir='ltr'>insequebatur.</span> <span class='ocrx_word' id='word_1_211' title='bbox 1080 2173 1198 2214; x_wconf 86' lang='lat' dir='ltr'>Forte</span> <span class='ocrx_word' id='word_1_212' title='bbox 1220 2184 1351 2215; x_wconf 90' lang='lat' dir='ltr'>autem</span> <span class='ocrx_word' id='word_1_213' title='bbox 1375 2172 1487 2214; x_wconf 84' lang='lat' dir='ltr'>navis</span> <span class='ocrx_word' id='word_1_214' title='bbox 1505 2185 1654 2235; x_wconf 62' lang='lat' dir='ltr'>onpra·</span> 
     </span>
     <span class='ocr_line' id='line_1_28' title="bbox 383 2242 1652 2298; baseline -0.001 -15"><span class='ocrx_word' id='word_1_215' title='bbox 383 2244 444 2283; x_wconf 88' lang='lat' dir='ltr'>ria</span> <span class='ocrx_word' id='word_1_216' title='bbox 479 2243 723 2298; x_wconf 85' lang='lat' dir='ltr'>aliquantum</span> <span class='ocrx_word' id='word_1_217' title='bbox 760 2243 899 2298; x_wconf 90' lang='lat' dir='ltr'>procul</span> <span class='ocrx_word' id='word_1_218' title='bbox 933 2256 958 2282; x_wconf 89' lang='lat' dir='ltr'>a</span> <span class='ocrx_word' id='word_1_219' title='bbox 986 2254 1106 2297; x_wconf 90' lang='lat' dir='ltr'>portu</span> <span class='ocrx_word' id='word_1_220' title='bbox 1137 2244 1257 2284; x_wconf 84' lang='lat' dir='ltr'>flabat</span> <span class='ocrx_word' id='word_1_221' title='bbox 1294 2243 1342 2284; x_wconf 90' lang='lat' dir='ltr'>ad</span> <span class='ocrx_word' id='word_1_222' title='bbox 1380 2255 1572 2292; x_wconf 76' lang='lat' dir='ltr'>ancoraS,</span> <span class='ocrx_word' id='word_1_223' title='bbox 1604 2242 1652 2283; x_wconf 88' lang='lat' dir='ltr'>ad</span> 
     </span>
     <span class='ocr_line' id='line_1_29' title="bbox 381 2312 1651 2368; baseline -0.002 -13"><span class='ocrx_word' id='word_1_224' title='bbox 381 2328 500 2368; x_wconf 86' lang='lat' dir='ltr'>quam</span> <span class='ocrx_word' id='word_1_225' title='bbox 520 2313 651 2354; x_wconf 85' lang='lat' dir='ltr'>Attica</span> <span class='ocrx_word' id='word_1_226' title='bbox 671 2314 806 2364; x_wconf 85' lang='lat' dir='ltr'>navis,</span> <span class='ocrx_word' id='word_1_227' title='bbox 827 2327 917 2355; x_wconf 91' lang='lat' dir='ltr'>cum</span> <span class='ocrx_word' id='word_1_228' title='bbox 937 2315 1043 2368; x_wconf 88' lang='lat' dir='ltr'>prior</span> <span class='ocrx_word' id='word_1_229' title='bbox 1063 2312 1317 2368; x_wconf 74' lang='lat' dir='ltr'>pervenisset,</span> <span class='ocrx_word' id='word_1_230' title='bbox 1334 2313 1377 2354; x_wconf 87' lang='lat'>&amp;</span> <span class='ocrx_word' id='word_1_231' title='bbox 1395 2314 1541 2355; x_wconf 89' lang='lat' dir='ltr'>circum</span> <span class='ocrx_word' id='word_1_232' title='bbox 1563 2326 1651 2354; x_wconf 90' lang='lat' dir='ltr'>eam</span> 
     </span>
     <span class='ocr_line' id='line_1_30' title="bbox 379 2380 1653 2437; baseline 0 -15"><span class='ocrx_word' id='word_1_233' title='bbox 379 2380 420 2422; x_wconf 87' lang='lat' dir='ltr'>se</span> <span class='ocrx_word' id='word_1_234' title='bbox 444 2380 576 2435; x_wconf 86' lang='lat' dir='ltr'>egiffet</span> <span class='ocrx_word' id='word_1_235' title='bbox 589 2411 603 2431; x_wconf 91' lang='lat'>,</span> <span class='ocrx_word' id='word_1_236' title='bbox 626 2382 666 2421; x_wconf 89' lang='lat' dir='ltr'>in</span> <span class='ocrx_word' id='word_1_237' title='bbox 696 2382 858 2424; x_wconf 86' lang='lat' dir='ltr'>mediam</span> <span class='ocrx_word' id='word_1_238' title='bbox 885 2382 1115 2423; x_wconf 86' lang='lat' dir='ltr'>Leucadiam</span> <span class='ocrx_word' id='word_1_239' title='bbox 1144 2381 1435 2437; x_wconf 88' lang='lat' dir='ltr'>persequentem</span> <span class='ocrx_word' id='word_1_240' title='bbox 1465 2383 1653 2433; x_wconf 87' lang='lat' dir='ltr'>incurrit,</span> 
     </span>
     <span class='ocr_line' id='line_1_31' title="bbox 381 2449 1650 2506; baseline 0 -12"><span class='ocrx_word' id='word_1_241' title='bbox 381 2464 548 2506; x_wconf 87' lang='lat' dir='ltr'>eamque</span> <span class='ocrx_word' id='word_1_242' title='bbox 575 2451 776 2506; x_wconf 86' lang='lat' dir='ltr'>demergit.</span> <span class='ocrx_word' id='word_1_243' title='bbox 812 2453 914 2494; x_wconf 89' lang='lat' dir='ltr'>Cum</span> <span class='ocrx_word' id='word_1_244' title='bbox 940 2463 1070 2493; x_wconf 88' lang='lat' dir='ltr'>autem</span> <span class='ocrx_word' id='word_1_245' title='bbox 1090 2452 1183 2493; x_wconf 89' lang='lat' dir='ltr'>haec</span> <span class='ocrx_word' id='word_1_246' title='bbox 1207 2465 1268 2493; x_wconf 90' lang='lat' dir='ltr'>res</span> <span class='ocrx_word' id='word_1_247' title='bbox 1292 2465 1342 2493; x_wconf 83' lang='lat' dir='ltr'>ex</span> <span class='ocrx_word' id='word_1_248' title='bbox 1365 2449 1580 2506; x_wconf 83' lang='lat' dir='ltr'>improviso</span> <span class='ocrx_word' id='word_1_249' title='bbox 1606 2451 1650 2494; x_wconf 86' lang='lat'>&amp;</span> 
     </span>
     <span class='ocr_line' id='line_1_32' title="bbox 382 2519 1652 2575; baseline -0.001 -14"><span class='ocrx_word' id='word_1_250' title='bbox 382 2530 538 2575; x_wconf 86' lang='lat' dir='ltr'>praeter</span> <span class='ocrx_word' id='word_1_251' title='bbox 559 2532 717 2563; x_wconf 86' lang='lat' dir='ltr'>omnem</span> <span class='ocrx_word' id='word_1_252' title='bbox 740 2519 1065 2575; x_wconf 75' lang='lat' dir='ltr'>exspectationem</span> <span class='ocrx_word' id='word_1_253' title='bbox 1084 2519 1295 2571; x_wconf 78' lang='lat' dir='ltr'>accidisset,</span> <span class='ocrx_word' id='word_1_254' title='bbox 1319 2531 1445 2562; x_wconf 87' lang='lat' dir='ltr'>metus</span> <span class='ocrx_word' id='word_1_255' title='bbox 1462 2519 1652 2575; x_wconf 85' lang='lat' dir='ltr'>Pelopon-</span> 
     </span>
    </p>
   </div>
  </div>
 </body>
</html>
