1734 3158
82 1316 283 1363 Septembri

319 214 380 277 48
610 210 1300 258 THUCYDIDIS

317 330 472 383 μαχος
499 303 656 374 ἒγὲνετο
682 307 922 368 Αθηναίοις,
950 331 1028 359 και
1056 307 1303 382 Περδίκκας
1332 312 1351 360 ὁ
1377 306 1583 372 Ἀλεξαν-

314 389 436 478 δρου,
446 384 707 438 Μακεδονων
728 381 960 445 βασιλευς.

391 455 450 516 λ.
480 462 546 514 Οἱ
565 462 637 512 δ’
627 484 662 513 εν
688 464 785 518 ταῖς
813 456 960 512 ἕκατον
980 483 1121 513 ναυσιν
1147 459 1418 522 Ἀθηναῖοι,
1392 486 1452 516 ετι
1474 460 1580 522 ὄντες

313 563 407 613 περι
432 536 774 602 Πελοπόννησον,
797 536 954 589 Σόλιον
972 559 1016 588 τε
1042 537 1249 611 Κορινθίων
1274 539 1486 611 πολισμα
1508 545 1580 591 αἷ-

309 640 466 708 pono-a,
465 638 542 666 και
567 613 859 703 παραδιδοασι
878 612 1147 708 Παλιρεῧσιν
1167 615 1428 697 Ἀκαρνάνων
1446 638 1581 686 μονοις

308 717 379 755 την
401 715 479 758 ’γην
501 714 579 743 και
602 689 728 742 πόλιν
747 685 979 760 νέμεσθαι.
1003 713 1067 741 κα
1068 678 1393 746 ιἈστακον,
1367 715 1412 753 ης
1437 689 1587 764 Ευαρ-ι

305 791 388 833 χσς
407 766 621 839 ἐτυράννει,
638 765 850 827 λαβόντες
869 788 992 817 κατα
1010 789 1182 837 κρατος,
1200 790 1277 819 και
1298 767 1580 830 ἐξελάσαντες

305 842 453 900 αὐτον,
471 867 517 895 το
533 848 677 916 χωρίον
697 845 736 900 ἐς
754 865 824 903 την
839 843 1101 911 ξυμμαχίαν
1116 865 1486 914 προσεποιησαντο.
1508 845 1587 895 ἒπί

304 944 351 974 τε
371 911 751 983 Κεφαλληνίαν
704 943 773 980 την
792 941 904 979 νησσν
927 916 1327 1005 προσπλεύσαντες,
1348 942 1575 992 προσηγα-

304 1021 426 1062 γοντο
462 1019 557 1048 ανευ
591 1017 759 1066 μαχης.
801 997 939 1046 κεῖται
978 985 1023 1045 δε
1060 997 1084 1056 ἡ
1118 995 1422 1059 Κεφαλληνία
1454 1018 1579 1048 κατα

303 1075 580 1146 Ἀκαρνανίαν
609 1094 687 1124 και
720 1070 952 1122 Asuada
983 1071 1238 1143 τετραπολις
1270 1067 1403 1127 οὐσα,
1428 1072 1574 1124 Παλ-

304 1154 404 1215 λῆς,
426 1149 616 1222 Κρανιοι,
639 1147 869 1216 Σαμαιοι,
891 1146 1103 1219 Πρόναιοι.
1134 1144 1295 1220 ὕστερον
1321 1149 1364 1200 δ’
1390 1151 1434 1201 οὐ
1455 1161 1573 1200 πολ-

304 1239 376 1279 λω
379 1224 664 1317 ανεχῶρησαν
681 1230 728 1275 αἱ
748 1245 830 1284 νηες
849 1224 888 1281 ἐς
905 1246 985 1281 τας
1004 1221 1191 1285 Ἀθηνας.

380 1295 473 1354 λα.
494 1299 603 1374 Περι
624 1290 729 1352 ὃε
688 1324 733 1353 το
751 1298 1000 1394 φθινόπωρον
1017 1323 1089 1351 του
1063 1297 1254 1374 θέρους
1267 1323 1408 1352 τουτου
1420 1338 1432 1356 ,
1450 1299 1573 1361 ’Aen-

305 1402 406 1431 ναιοι
434 1374 668 1447 πανδημει,
690 1373 808 1428 αὐτοι
834 1398 912 1427 και
939 1401 971 1428 οι
994 1397 1180 1446 μετοικοι
1207 1373 1450 1441 ὲσέβαλον’
1439 1399 1478 1436 ες
1501 1400 1572 1440 την

300 1535 515 1578 Alexandri
539 1534 640 1577 filius
653 1567 665 1585 ,
687 1533 951 1575 Macedonum
979 1547 1078 1585 rex,
1106 1533 1300 1577 societatis
1325 1534 1462 1577 foedus
1482 1548 1574 1577 cum

299 1605 601 1647 Atheniensibus
623 1604 813 1648 fecerunt.

354 1677 482 1717 XXX.
509 1674 763 1716 Athenienses
780 1687 906 1725 vero,
925 1669 993 1729 qui
1011 1688 1101 1716 cum
1125 1685 1287 1716 centum
1308 1675 1474 1716 navibus
1495 1675 1572 1717 cir-

300 1760 348 1788 ca
371 1743 679 1800 Peloponnesum
704 1743 832 1785 adhuc
857 1742 1135 1795 versabantur,
1164 1744 1318 1785 Solium
1342 1744 1571 1786 Corinthio-

299 1829 387 1856 rum
409 1813 596 1869 oppidum
614 1823 800 1868 ceperunt
813 1844 826 1864 ,
846 1813 960 1868 idque
981 1827 1070 1855 cum
1091 1827 1189 1868 agro
1209 1812 1299 1855 solis
1318 1813 1569 1856 Acarnanum

298 1883 550 1926 Palirensibus
573 1883 820 1926 incolendum
842 1884 1092 1926 tradiderunt.
1114 1884 1298 1927 Astacum
1317 1899 1503 1941 quoque,
1525 1887 1567 1927 in

299 1968 378 2009 qua
399 1954 598 1995 Euarchus
616 1964 809 2007 tyrannus
827 1964 932 2004 erat,
954 1968 1024 2010 per
1044 1955 1127 1997 vim
1145 1967 1354 2011 ceperunt,
1376 1969 1504 2011 eoque
1526 1955 1570 1996 il-

299 2025 375 2066 linc
397 2025 543 2075 εὶεᾶὶο,
558 2025 695 2066 urbem
710 2025 750 2065 in
765 2024 988 2067 societatem
1002 2025 1270 2076 adsciverunt3
1290 2026 1332 2067 δι
1350 2025 1390 2065 in
1404 2023 1573 2073 insulam,

300 2094 590 2150 Cephalleniam
608 2095 774 2136 navibus
800 2094 988 2150 profeffi,
1011 2094 1091 2135 fine
1114 2108 1245 2150 pugna
1266 2096 1306 2135 in
1324 2093 1433 2135 suam
1453 2105 1566 2149 pote-

297 2159 431 2205 statem
465 2164 707 2217 redegerunt.
745 2163 995 2219 Cephallenia
1026 2174 1155 2205 autem
1187 2163 1256 2204 fita
1283 2162 1338 2204 est
1361 2177 1384 2204 e
1408 2164 1568 2218 regione

298 2233 540 2276 Acarnaniae
563 2235 604 2275 δι
628 2235 835 2284 Leucadis;
859 2236 902 2277 δι
927 2235 967 2274 in
991 2246 1038 2275 ea
1057 2233 1146 2274 sunt
1170 2244 1339 2288 quatuor
1361 2234 1566 2285 civitates,

298 2305 509 2355 Pallenses,
536 2305 696 2355 Cranii,
722 2305 894 2355 Samaei,
920 2305 1099 2346 Pronaei.
1126 2304 1210 2346 Nec
1231 2303 1357 2348 multo
1382 2304 1469 2359 post
1489 2306 1567 2354 hae

296 2389 418 2418 naves
438 2375 614 2418 reversae
635 2375 720 2416 sunt
742 2375 928 2417 Athenas.
1186 2359 1205 2389 x

349 2446 495 2488 XXXI.
517 2445 598 2487 Sub
611 2446 727 2487 huius
741 2445 893 2486 aestatis
907 2443 1174 2493 auelumnum
1189 2443 1454 2495 Athenienses,
1467 2458 1559 2487 cum

293 2515 382 2572 ipsi,
405 2526 489 2559 tum
510 2516 629 2572 etiam
653 2514 826 2572 inquilini
848 2528 936 2558 cum
957 2515 1127 2560 univerfi
1150 2515 1289 2574 populi
1308 2517 1449 2573 copiis,
1462 2517 1559 2559 duce
