1734 3158
373 218 460 268 532
574 202 1449 255 ANNOTATIONES

417 296 492 335 ead.
507 294 532 334 l.
557 305 590 348 ς.
614 295 853 347 Σαλαμινίας
877 296 943 337 καὶ
967 297 1093 348 Uace.)
1119 296 1346 337 Scholiastes
1376 295 1571 352 Aristoph.
1594 297 1635 339 in

363 346 544 396 Avibus,
565 348 611 389 ad
631 349 720 396 illa,
739 349 914 402 κληο-τῆςῗ
940 351 1078 404 ἄγους’
1098 348 1225 390 ἔσωθεν
1252 347 1270 392 ἧ
1295 351 1513 401 Σαλαμινία
1526 381 1538 401 ,
1560 364 1634 393 no·

364 411 442 449 tat,
479 401 547 443 soa
577 403 648 443 εἰσὶ
683 402 763 444 νῆες
792 399 1018 458 §exemisse
1041 403 1131 455 παρ’
1164 403 1382 451 Ἀθηναίοις,
1407 401 1426 446 ἦ
1453 405 1634 458 Πάραλος

362 455 430 494 καὶ
452 452 470 497 ἦ
496 459 729 509 Σαλαμινία.
765 452 810 499 οἷν
831 455 850 498 ἦ
873 457 944 509 μὲν
975 458 1201 508 Σαλαμινία
1229 458 1316 498 τοὺς
1339 458 1634 510 ἑκκαλουμένους

363 509 419 550 εἰς
441 510 557 564 κρίσιν
579 504 716 564 fayensi
742 510 788 550 st
816 511 996 564 Πάραλος
1015 513 1090 551 τὰς
1115 511 1271 564 &sapim
1296 511 1476 565 ἀπῆγεν,
1501 512 1632 553 τουτέ.

350 562 428 604 ’στι
460 566 515 603 τὰ
541 563 578 604 ἐς
608 565 748 606 θυσίας
781 565 1028 617 πεμπόμενα.
1052 564 1125 605 Sed
1156 565 1198 604 δι
1225 564 1274 616 τῇ
1307 566 1472 619 Παραλῳ
1495 566 1542 606 ad
1565 566 1633 606 ab·

360 617 557 658 ducendos
582 631 671 658 reos
694 618 925 667 utebantur,
946 631 1111 672 eamque
1135 617 1294 670 misere,
1320 629 1365 659 ut
1390 619 1632 661 Alcibiadem

361 669 590 711 arcesserent
623 672 671 711 ad
699 671 852 712 causam
883 671 1048 712 Athenis
1079 672 1303 720 dicendam,
1330 683 1374 713 ut
1406 672 1555 714 constat
1581 687 1632 714 ex

362 725 547 777 Thucyd.
569 726 610 765 δι
637 726 753 766 Suida
776 726 818 765 in
846 720 949 765 voce
973 726 1162 778 Πάραλος.
1186 727 1288 767 Vide
1309 727 1533 781 Sigonium,
1553 727 1578 768 1.
1605 742 1633 779 4

361 779 410 819 de
431 779 531 833 Rep.
553 779 697 820 Athen.
717 780 758 821 &
780 779 939 820 Meurfii
964 779 1083 820 Attic.
1110 780 1213 821 Lea.
1230 779 1253 820 l.
1275 794 1296 820 2
1310 811 1324 828 ,
1342 794 1376 822 c.
1397 780 1435 820 8.
1453 782 1593 822 Huns.

415 834 506 886 Pag.
543 847 631 886 215.
660 835 684 873 l.
717 848 754 888 9.
775 831 1027 887 Κολοφωνίων)
1051 833 1094 872 Id
1122 833 1306 887 oppidum
1330 833 1628 889 Colophonium

360 887 458 927 mari
475 888 700 934 imminens,
724 887 830 927 abest
855 900 877 926 a
895 898 1028 927 vetere
1048 886 1285 941 Colophone
1303 888 1384 928 duo
1409 887 1530 929 ferme
1542 891 1630 930 mil-

360 941 412 980 lia
434 940 632 995 paffuum,
662 942 787 995 inquit
814 941 949 982 Livius
986 954 1058 995 37,
1085 941 1147 981 26.
1178 941 1256 982 Vel
1281 952 1439 996 portum
1467 943 1632 992 habuit,

359 994 425 1035 vel
443 1005 548 1035 certe
567 995 656 1035 litus
673 996 836 1035 navibus
856 1005 1135 1050 opportunum.
1153 994 1316 1035 alterum
1337 996 1497 1037 innuere
1520 998 1630 1038 vide-

360 1059 425 1089 tur
447 1050 649 1090 Lucanus:
672 1050 725 1087 Et
742 1050 873 1103 placidi
897 1049 1094 1101 Colophona
1119 1050 1235 1089 maris.
1265 1048 1327 1090 Cl.
1350 1049 1562 1091 Whelerus
1587 1053 1630 1092 in

358 1103 446 1142 Irin.
471 1116 635 1143 numum
655 1103 813 1144 exhibet
831 1102 1131 1143 Diadumeniani
1158 1115 1247 1143 cum
1271 1103 1343 1143 hac
1363 1102 1630 1159 inscriptione:

361 1161 696 1204 ΚΩΛΟΦΩΝΙΩΝ,
720 1169 929 1212 operarum
949 1157 1093 1211 opinor
1113 1157 1274 1197 incuria.
1297 1158 1399 1197 Nam
1419 1157 1466 1198 de
1487 1158 1628 1200 modu-

357 1211 400 1251 lo
417 1212 603 1251 certiores
621 1209 768 1251 faciunt
786 1211 1008 1265 Theognis,
1029 1211 1243 1258 Nicander,
1262 1210 1451 1259 Ovidius,
1471 1212 1514 1252 δι
1531 1213 1628 1254 Vir-

357 1265 469 1319 gilius
487 1266 528 1305 in
548 1264 640 1304 Ciri.
664 1265 838 1306 Tabulae
860 1264 1079 1318 Peutinger.
1103 1264 1272 1317 Colofim:
1295 1265 1421 1305 Notit.
1445 1265 1627 1322 Episcop.

357 1318 539 1369 Κολοφὲν,
561 1317 603 1359 &
621 1318 865 1360 Ptolemaeus
885 1318 1076 1368 Κολοφῶν,
1099 1317 1269 1359 scribunt
1286 1319 1527 1374 pinguntque
1550 1334 1626 1374 pro

357 1374 527 1424 Κολοφὼν
547 1403 562 1420 ,
588 1373 792 1427 quomodo
820 1372 981 1413 Coislin.
1013 1372 1055 1413 &
1090 1372 1331 1413 Herodotus.
1364 1373 1470 1414 Urbs
1493 1385 1627 1415 autem

355 1426 475 1475 haec,
501 1439 621 1482 quam
640 1440 730 1468 cum
758 1428 883 1468 Notio
910 1425 1041 1481 paffim
1071 1425 1315 1467 confundunt
1341 1428 1520 1481 antiqui,
1552 1442 1625 1469 ve-

354 1483 512 1522 terrima
535 1492 629 1522 erat.
650 1480 843 1522 Conditor
863 1482 945 1522 eius
968 1481 1042 1521 Mo
1070 1478 1131 1520 sus
1155 1481 1261 1520 iuxta
1281 1480 1449 1529 Melam,
1465 1480 1625 1523 Pausan.

354 1535 398 1575 δι
416 1534 619 1589 Apollonii
640 1535 767 1576 Schol.
791 1549 808 1575 1
825 1565 839 1582 ,
859 1535 957 1589 308,
975 1548 1029 1589 po
1081 1534 1275 1574 Rachium
1297 1534 1530 1576 Cretensem.
1548 1536 1624 1576 At-

354 1602 433 1643 que
452 1590 504 1629 ita
525 1587 606 1629 fere
629 1589 788 1630 Conon.
814 1589 929 1630 Unde
950 1601 1096 1629 nomen
1124 1589 1307 1635 traxerit,
1331 1589 1526 1629 incertum
1555 1589 1627 1631 est.'

354 1642 419 1684 Est
436 1644 538 1684 enim
558 1643 661 1697 apud
684 1644 874 1684 Herodot.
889 1642 1127 1697 Colophon,
1146 1643 1216 1696 qui
1235 1643 1278 1682 δι
1299 1642 1510 1695 Smyrnam
1530 1643 1622 1684 fun-

353 1696 456 1738 daffe
485 1698 648 1738 dicitur:
681 1696 735 1737 est
767 1697 809 1738 δι
835 1695 946 1751 piscis
969 1695 1136 1737 eiusdem
1169 1697 1336 1736 nominis
1360 1697 1464 1751 apud
1491 1697 1622 1750 Hesy-

352 1751 495 1792 chium.
521 1750 644 1805 Capta
672 1751 728 1792 est
748 1764 771 1791 a
793 1750 940 1804 Gyge,
970 1751 1013 1791 δι
1038 1750 1106 1791 diu
1132 1749 1276 1790 bellum
1309 1763 1398 1791 cum
1432 1750 1623 1804 Halyatte

355 1805 464 1860 geffit
480 1816 569 1845 ante
587 1804 779 1846 Christum
798 1806 889 1859 619.
911 1805 949 1844 Is
968 1815 1097 1845 autem
1116 1803 1382 1857 stratagemate
1399 1804 1490 1845 usus
1507 1806 1621 1859 equi-

350 1872 475 1900 tatum
497 1872 679 1906 omnem,
698 1872 780 1913 quo
799 1859 1011 1912 plurimum
1029 1858 1189 1898 valuere
1207 1857 1312 1899 Colo
1340 1858 1470 1906 honii,
1488 1859 1536 1899 ad
1557 1859 1619 1900 in-

351 1914 617 1955 ternecionem
638 1912 759 1967 usque
775 1913 931 1953 delevit,
949 1912 1051 1953 Vide
1069 1911 1256 1964 Polyaen.
1278 1913 1315 1952 V
1342 1912 1380 1959 1,
1409 1927 1430 1952 2
1447 1926 1460 1961 ;
1481 1913 1619 1954 Theo-

350 1967 505 2022 gnidem
538 1981 663 2022 ¹0993
690 1966 847 2007 Aristot.
874 1966 985 2007 Polit.
1013 1965 1089 2013 IV,
1111 1981 1147 2015 4.
1175 1965 1341 2020 Olymp.
1372 1964 1528 2014 CXIX,
1552 1979 1619 2006 an-

349 2033 390 2063 te
407 2020 602 2063 Christum
629 2035 726 2076 302,
748 2034 772 2060 a
795 2019 1029 2074 Lysimacho
1049 2018 1182 2060 eversa
1203 2018 1258 2060 est
1274 2019 1436 2067 civitas,
1453 2021 1496 2061 &
1513 2019 1617 2075 post-

349 2089 398 2117 ea
434 2075 701 2117 commodiore
735 2074 827 2115 loco
858 2073 988 2115 rursus
1016 2072 1238 2114 instaurata.
1269 2071 1440 2114 Consule
1461 2072 1618 2114 Diodo-

347 2144 459 2178 rum,
481 2131 522 2171 &
540 2129 699 2169 Livium
714 2129 805 2170 loco
817 2127 934 2183 supra
954 2127 1122 2168 laudato.
1147 2127 1232 2167 Nec
1246 2125 1506 2181 perfunctorie
1522 2137 1618 2169 tunc

347 2185 494 2224 munita
523 2181 597 2223 effe
623 2183 800 2229 videtur,
834 2183 929 2236 quia
957 2181 1201 2221 Antiochum
1230 2181 1370 2235 repulit
1393 2193 1500 2222 anno
1525 2192 1616 2222 ante

346 2237 545 2278 Christum
563 2235 684 2276 CXC.
701 2236 821 2277 Paulo
835 2247 972 2284 antea,
993 2234 1150 2281 Attalo,
1174 2235 1216 2275 δι
1231 2234 1421 2275 Romanis
1440 2235 1479 2274 in
1495 2234 1615 2275 clien-

344 2292 462 2332 telam
487 2289 743 2338 concefferat,
765 2303 790 2330 a
812 2290 951 2344 quibus
975 2289 1109 2329 tributi
1139 2289 1416 2328 immunitatem
1440 2287 1614 2329 obtinuit

342 2359 439 2401 pace
457 2358 546 2385 cum
560 2357 650 2397 rege
669 2355 876 2385 conventa.
891 2343 956 2384 De
974 2356 1052 2397 qua
1069 2355 1111 2383 re
1130 2341 1287 2382 adeatur
1305 2341 1502 2393 Polybius.
1522 2341 1614 2383 Post

373 2399 464 2440 aulo
489 2399 528 2438 in
559 2397 795 2445 libertatem,
818 2397 1013 2451 Tyranno
1044 2406 1200 2442 amoto,
1221 2395 1443 2436 vindicabat
1464 2395 1612 2436 Lucul-

342 2414 430 2502 Γιιε,
455 2464 559 2493 anno
583 2461 671 2490 ante
693 2450 888 2492 Christum
913 2449 1092 2490 LXXIV.
1115 2449 1151 2488 A
1170 2448 1328 2502 Scythis
1351 2449 1415 2489 vel
1437 2448 1612 2490 Tartaris

342 2509 493 2549 ruinam
514 2505 605 2547 huic
625 2503 783 2559 aliisque
805 2504 921 2546 Asiae
940 2502 1102 2545 urbibus
1120 2514 1265 2544 canunt
1285 2502 1463 2546 auctores
1483 2503 1614 2556 Sibyl-⁴
