1734 3158
333 194 430 242 472
549 175 1063 226 'ANNOTATIONES
1095 179 1166 226 IN
1201 180 1316 227 LIB.
1351 181 1412 228 IL·

333 268 481 310 bouem
502 268 565 316 X,
576 283 625 363 p.
644 283 670 321 7

591 323 668 364 alta

676 282 735 310 10.
755 270 903 310 WAss.
929 268 1088 309 Lucian.
1117 267 1164 308 de
1192 267 1324 309 Saltat.
1346 283 1383 324 p.
1413 267 1493 320 804
1515 267 1614 311 inter

334 333 563 377 argumenta

669 323 786 364 tionis
797 354 811 370 ,
828 335 931 377 quae
943 322 1103 363 Aetolia
1115 321 1356 376 suppeditare
1370 323 1485 378 poffit
1495 354 1511 371 ,
1533 337 1614 365 me-

336 387 467 418 morat
480 376 688 432 Ἐχινέιὲων
713 377 926 424 ἀνὰὃυσιν,
941 376 1004 415 καὶ
1020 378 1127 428 μετὰ
1151 377 1215 416 τὴν
1237 376 1377 427 μανίαν
1399 368 1614 428 '‘Ahmada-

336 446 394 472 νος
413 432 565 472 οἴκησιν.
592 431 691 472 Add.
714 431 750 471 A
781 430 948 472 ollodor.
963 429 1044 478 III,
1061 444 1103 479 7,
1130 442 1163 484 5.
1187 430 1261 471 Sed
1279 431 1310 471 is
1329 430 1370 478 1,
1390 445 1442 485 9,
1465 445 1510 472 21
1534 444 1616 472 non

336 487 442 527 reae
463 484 611 526 easdem
637 484 726 526 facit
782 485 960 526 chinadas
987 484 1031 525 &
1055 483 1300 539 Strophadas.
1333 483 1460 538 Quod
1485 496 1616 526 autem

336 539 592 592 Thucydides
618 539 835 580 Echinadas
864 536 1017 593 ἐρήμους
1046 537 1122 578 effe
1149 539 1262 586 dicit,
1286 538 1326 578 id
1355 539 1402 579 de
1428 537 1622 594 plerisque

336 594 385 636 &
410 594 622 634 minoribus
655 592 942 646 intelligendum
969 591 1066 638 effe,
1090 593 1180 646 quia
1201 591 1432 633 Dulichium
1457 606 1619 647 quoque

339 647 439 688 inter
457 660 522 688 eas
543 647 656 702 ponit
673 646 829 693 Strabo,
852 656 962 701 putat
977 644 1118 686 Cellar.
1137 646 1174 686 11
1194 646 1344 700 Geogr.
1368 647 1462 687 Ant.
1488 662 1547 697 14.
1567 647 1617 688 Et

340 697 553 753 εὐλιμένους
576 700 684 741 fuiss'e
702 714 752 741 ex
771 701 850 741 hoc
871 699 1104 740 Callimachi
1127 701 1278 753 Hymn.
1298 702 1340 740 in
1357 700 1450 742 Del.
1464 715 1504 741 v.
1528 714 1622 754 155,

342 758 506 850 ῗιιποςρὶιν
521 751 665 798 νίιεσσιν
680 754 885 809 Ἐχινάδες
904 753 1010 808 ’ὅρμον
1024 752 1207 808 ἔχουσαι,
1220 753 1400 815 observat
1417 755 1471 795 ibi
1496 755 1619 810 Span-

372 822 509 851 emtus.

398 866 474 904 ead.
496 864 519 903 l.
545 875 582 914 7.
603 854 697 903 ‘'O-re
722 861 769 903 sla
792 861 974 902 ἀλᾶσθαι
1010 856 1159 915 αὐτον)
1183 861 1298 903 Unde
1323 861 1491 917 pendere
1518 863 1625 906 hune

343 916 582 959 infinitivum
602 915 797 957 dicemus?
823 915 932 956 Alter
966 916 1123 970 quidem
1147 926 1254 957 certe
1285 916 1501 957 infinitivus
1531 917 1624 972 χριῗ-
1703 943 1707 946 -

347 986 415 1013 σαι
465 971 578 1012 endet
600 971 651 1011 ab
686 971 757 1011 illo
772 970 899 1011 verbo
930 970 1119 1025 λέγεταιη
1141 969 1204 1010 sed
1230 970 1294 1011 hic
1315 983 1476 1025 quoque
1500 972 1548 1011 ab
1573 984 1624 1012 eo

378 1038 427 1066 en
454 1039 542 1072 ere,
560 1038 641 1066 non
663 1025 780 1065 video
801 1024 1006 1078 quomodo
1029 1024 1103 1064 dici
1127 1023 1266 1079 poffit:
1285 1023 1508 1079 praesertim
1533 1039 1627 1068 cum

378 1093 446 1120 aec
468 1079 577 1120 velut
595 1092 663 1135 per
686 1077 928 1133 parenthesin
949 1078 1254 1126 interficiantur,
1276 1077 1341 1118 ὅτε
1366 1077 1417 1119 «Νι
1443 1079 1624 1121 &Aac-&m

349 1130 464 1174 αὐτον
482 1136 588 1184 μετὰ.
624 1136 686 1174 τον
711 1133 817 1185 φόνον
842 1131 910 1173 τῆς
930 1132 1082 1186 μητρός.
1116 1132 1230 1186 Quid
1259 1131 1290 1172 fi
1313 1132 1431 1187 igitur
1458 1133 1626 1173 verbum

351 1189 486 1234 συνέβη
511 1187 577 1228 vel
600 1200 624 1226 a
651 1187 810 1227 librario
831 1185 1035 1234 omifl'um,
1067 1188 1132 1226 vel
1165 1186 1216 1226 ab
1242 1184 1324 1240 ipso
1351 1188 1513 1228 :maore
1538 1187 1629 1227 reli-

352 1242 461 1283 &um
487 1240 562 1282 effe
588 1240 892 1283 subaudiendum
917 1240 1120 1282 dicamus?
1141 1240 1296 1281 STEPH.
1326 1239 1425 1280 Add.
1452 1253 1555 1295 quae
1579 1241 1628 1284 de

353 1295 432 1336 hoc
455 1295 549 1336 loco
576 1295 706 1337 scribit
721 1295 762 1336 in
782 1295 960 1350 Append.
984 1295 1032 1334 ad
1055 1294 1191 1350 Script.
1211 1294 1260 1335 de
1281 1293 1388 1335 Dial.
1407 1308 1445 1349 p.
1476 1294 1566 1349 138,
1585 1295 1629 1336 &

354 1349 454 1394 Bud.
476 1349 742 1391 Commentar.
767 1363 805 1403 p.
832 1363 946 1398 1044.

410 1407 487 1445 ead.
508 1405 533 1444 l.
560 1419 621 1454 14.
637 1403 702 1446 Ἂν
723 1403 960 1459 κεχῶσῧοιι)
982 1401 1087 1443 Cum
1113 1401 1175 1443 hic
1201 1393 1390 1456 §articula
1419 1401 1466 1443 ἔὶν
1484 1401 1631 1446 habere
1715 1378 1718 1382 Δ

356 1457 492 1499 locum
513 1471 596 1498 non
613 1458 816 1506 videatur,
835 1455 1030 1511 suspicor,
1047 1455 1144 1497 ficut
1163 1455 1277 1518 supra
1298 1469 1348 1496 ex
1370 1454 1418 1495 ἂν
1449 1455 1633 1498 ἐπείσθη-

355 1528 427 1565 μεν
443 1512 662 1553 faciendum
679 1511 755 1553 effe
772 1512 1047 1562 ἀνεπείσῧνιμεν
1065 1509 1236 1558 ostendi,
1254 1510 1295 1550 δι
1318 1509 1474 1563 quidem
1498 1520 1633 1561 vetere.
1714 1530 1716 1534 >

358 1567 461 1609 libro
485 1565 730 1616 affentiente3
754 1566 807 1606 ita
824 1566 940 1606 etiam
957 1565 1020 1605 hic
1035 1577 1085 1605 ex
1102 1563 1149 1606 ἐὶν
1175 1563 1382 1620 κεχῶσῧοιι
1404 1563 1490 1604 fieri
1514 1576 1537 1604 a
1557 1577 1632 1605 no-

360 1622 421 1662 bis
449 1621 588 1662 debere
614 1619 905 1675 ἀνακεχῶσὲιοιι.
930 1619 1072 1660 Fateor
1089 1630 1247 1666 tamen,
1269 1630 1374 1665 non,
1393 1629 1439 1659 ut
1460 1617 1563 1666 illic,
1580 1619 1636 1661 ita

361 1676 405 1717 δι
426 1675 488 1716 hic
518 1675 605 1716 libri
636 1676 778 1716 veteris
801 1672 985 1716 assensum
1015 1686 1090 1714 nos
1110 1673 1263 1714 habere.
1298 1672 1384 1713 Cur
1411 1671 1572 1713 ulterius
1593 1673 1634 1713 in

360 1730 422 1770 his
443 1729 777 1770 Annotationibus
804 1740 886 1768 non
903 1727 971 1768 fim
988 1726 1230 1821 gfogreffm’
1250 1727 1353 1767 ratio
1376 1726 1418 1766 in
1441 1725 1520 1767 fine
1542 1726 1635 1782 Epi·
1714 1775 1715 1778 Ἴ

1014 1796 1026 1821 1

360 1783 483 1826 stolae
498 1784 546 1824 ad
568 1783 772 1824 Lthorem
793 1782 936 1824 reddita
957 1781 985 1822 ti

416 1838 503 1877 ibid.
525 1837 698 1891 Δίοιιτα.)
718 1837 814 1878 Non
836 1835 961 1876 solum
981 1835 1116 1889 τρόπον
1136 1833 1207 1876 ’τοῦ
1231 1833 1334 1883 βίον,
1354 1833 1418 1875 sed
1439 1834 1553 1875 etiam
1573 1834 1637 1875 τό.

362 1907 435 1934 πον
459 1890 660 1945 fignificat.
687 1891 793 1931 Hinc
815 1889 1043 1931 Plutarchus
1067 1888 1307 1931 famulorum
1331 1888 1509 1929 cubicula
1535 1887 1638 1928 smi-

362 1961 438 1988 τοις
460 1945 650 2007 asspellat3
676 1944 718 1986 δι
737 1944 938 1996 Aeschylo
960 1959 1012 1984 στ
1031 1943 1213 1985 mansa
1242 1942 1423 1984 dicuntur
1444 1941 1637 1984 {testastu-

362 2016 425 2053 μα,
445 2014 514 2040 του
537 1997 720 2053 στρατοῦ.
739 1999 840 2040 Vide
858 1998 971 2038 Plinii
993 1960 1108 2092 {Kish
1126 1997 1151 2038 l.
1186 2012 1202 2038 1
1218 2027 1232 2045 ,
1251 2010 1311 2052 ep,
1341 2010 1401 2049 17,
1425 1997 1565 2039 Huns.

369 2091 372 2094 .
420 2054 514 2106 Pag.
545 2067 632 2106 ¹70·
657 2055 683 2093 l.
709 2065 742 2107 5.
764 2051 988 2107 Λεγόμενοι)
1051 2051 1090 2091 lii
1115 2050 1279 2106 λέγομεν
1304 2050 1333 2091 ἃ
1356 2048 1636 2104 παρελάβομεν.

366 2107 439 2150 Sed
458 2119 652 2164 receptam
670 2107 879 2152 lectionem
908 2116 1042 2148 tuetur
1061 2106 1301 2148 Herodotus.
1322 2105 1414 2151 vid,
1442 2102 1639 2150 Scholiasts

366 2164 516 2206 WAss.

1046 1780 1128 1822 fuit.
1151 1781 1307 1822 Sum.

1714 0 1734 212 {2

1715 210 1734 409 Ξ
