1734 3158
346 229 442 276 204
634 213 1324 262 THUCYDIDIS

342 307 414 363 ἒπι
439 306 511 363 τοῧ
540 313 714 375 χείλους
740 333 811 372 της
808 309 1041 405 τάφρου,
1050 334 1127 364 και
1153 308 1327 374 ἐτόξευον
1347 331 1393 364 τε
1391 307 1526 366 καθ’
1515 335 1611 375 ειτη-

341 385 548 450 κὸντιξον
536 409 577 446 ες
595 384 656 439 τέι
674 386 839 455 γυμνοί·
865 385 983 440 οούτοι
1002 378 1077 439 δὲ’
1067 410 1103 440 εν
1120 387 1183 460 τῷ
1203 391 1404 450 σὀφοινεῖ’
1389 411 1514 448 οντες,
1532 385 1610 452 ἧσ-

341 485 412 516 σον
434 460 568 514 διέο
522 486 604 522 τοις
621 463 878 533 λοοροποίὸοος
895 463 1169 534 κοιθεωρωντο.
1185 461 1296 516 ἱοστε
1313 464 1592 528 φθάνουσι
1530 490 1617 522 των,

337 536 610 593 Πλοοτοιιέων
626 563 703 593 κοιι
723 545 759 592 οἱ
780 536 952 593 ὕστατοι
972 540 1202 603 δὶοοβοοντες
1223 563 1291 602 την
1308 540 1491 615 τάφρον,
1511 564 1607 605 χοι-

336 629 490 674 λεπως
508 608 556 667 ὃε
570 638 647 668 και
626 614 837 677 βιαίως.
858 614 1132 688 κρύσταλλός
1149 638 1195 669 τε
1215 638 1307 685 γοορ
1326 616 1540 683 ἒπεπηγει
1566 621 1611 670 οὐ

341 689 561 755 βέβοοιος’
550 714 587 745 εν
607 695 735 757 aim,
754 689 856 744 ὡστ’
879 695 1087 749 ἐπελθεῖν,
1108 697 1220 745 ἀλλ’
1236 691 1312 751 οἱος
1333 693 1609 756 ἀπηλιωτου,
1645 738 1653 742 .-

339 792 364 830 η
391 765 584 858 βορέου,
583 766 797 829 ὑδατώδης
801 769 1017 861 μᾶλλον·
1044 791 1124 821 και
1142 794 1165 831 η
1153 765 1254 831 “νυξ
1270 793 1439 842 τοιουτῳ
1461 767 1611 842 ἐονέμῳ

343 840 618 916 ὑπονιφομένη
644 839 762 897 πολυ
779 867 823 896 το
844 844 979 912 εἴδονθ’
968 866 1005 897 εν
1020 848 1128 910 οιύτνι
1153 843 1416 907 ἐπεποιήκει,
1438 870 1458 897 ο
1480 847 1612 918 μόλις

339 917 607 994 ὑπερέχοντες
633 918 958 991 ἒπεροιιωθησ-οιν.
986 918 1145 986 εγένετο
1169 917 1214 974 δε
1237 944 1314 973 κοιι
1336 925 1360 985 ἦ
1389 922 1610 987 ὃιοίφευξις

341 999 482 1055 αὐτοις
498 998 677 1068 μᾶλλον
697 992 770 1048 δὶα.
786 1020 857 1048 του
861 1019 1080 1091 χειμωνος
1097 1020 1143 1048 το
1160 994 1354 1067 μεγεθος.

413 1067 498 1126 κὸ
525 1070 823 1164 Ορμησ-οοντες
841 1065 928 1124 ὃε’
906 1095 998 1125 οοπο
1017 1097 1087 1135 της
1102 1073 1270 1164 τάφρου
1289 1099 1321 1127 οι
1313 1074 1607 1140 ‘show-cunc,

338 1149 512 1240 εχῶρουν
539 1148 671 1243 ἀθροοι
696 1172 763 1211 την
787 1151 828 1207 ἒς
851 1146 1023 1212 Θηβαις
1054 1146 1265 1222 φέρουσοον
1290 1148 1441 1207 ὄδόν,’
1429 1174 1466 1205 εν
1489 1150 1609 1224 δεξιῖο

336 1223 499 1289 ἔχοντες
525 1249 569 1277 το
597 1226 670 1278 τοῧ
701 1225 1063 1318 Ἀνδροκροοτους
1042 1227 1172 1299 ηρῷον
1200 1225 1471 1297 νομίζοντες”
1443 1250 1604 1290 nuto-roa

338 1304 469 1367 ο-φοις
494 1325 647 1364 τοιυτην
684 1299 834 1362 αὐτους
859 1305 1130 1364 ὑποτοπησοιι
1156 1300 1414 1377 τροοπέσθοοι
1428 1341 1440 1360 ,
1469 1328 1549 1365 την
1568 1306 1608 1363 ἐς

331 1450 506 1500 ciebant,
538 1449 677 1492 stantes
699 1451 741 1492 in
765 1450 883 1493 foffae
907 1450 1118 1507 crepidine,
1154 1451 1196 1493 δι
1221 1450 1363 1506 sagittis
1395 1449 1607 1505 iaculisque

334 1521 456 1562 nudas
477 1522 656 1577 corporis
682 1534 810 1578 partes
830 1523 1023 1578 petebant.
1051 1521 1127 1578 Ipfi
1152 1536 1253 1564 vero
1267 1555 1280 1574 ‚
1304 1523 1411 1578 quod
1435 1523 1475 1564 in
1498 1534 1606 1565 tene-

333 1589 413 1630 bris
436 1589 554 1632 effent
569 1621 580 1640 ‚
610 1602 771 1647 propter
799 1592 901 1634 faces
932 1593 1060 1634 minus
1087 1592 1438 1648 conspiciebantur.
1465 1593 1604 1647 Itaque

331 1661 377 1703 ὅ(
399 1662 659 1714 Plataeenses,
683 1664 752 1718 qui
777 1663 960 1718 postremi
981 1674 1114 1714 erant,
1136 1662 1273 1705 foffam
1291 1665 1449 1720 quidem
1473 1663 1606 1705 tranfi-

329 1746 476 1775 verunt
490 1736 595 1790 prius
603 1741 621 1786 ,'
634 1749 754 1790 quam
773 1736 1106 1790 opprimerentur:
1127 1734 1190 1776 sed
1210 1724 1344 1789 aegre,
1363 1735 1406 1776 δι
1421 1748 1492 1789 per
1507 1735 1605 1775 vim.

329 1807 434 1847 Nam
458 1808 500 1848 δι
525 1808 667 1862 glacies
689 1808 731 1847 in
758 1820 804 1848 ea
829 1816 1108 1855 concreverat,
1132 1819 1236 1860 quae
1256 1819 1338 1847 non
1358 1818 1441 1847 erat
1460 1805 1604 1857 solida,

327 1877 381 1918 ita
410 1888 455 1918 ut
489 1891 560 1919 eos
591 1877 836 1919 transeuntes
861 1877 1044 1919 sustinere
1075 1876 1199 1932 posset
1213 1909 1227 1926 ,
1257 1876 1320 1918 sed
1359 1877 1490 1932 potius
1518 1888 1603 1918 erat

326 1946 474 2002 aquosa
488 1978 501 1997 ‚
535 1940 660 2001 qualis
693 1946 769 1988 effe
791 1946 914 1996 solet,
939 1946 1146 1988 subsolano
1170 1948 1302 2003 potius
1328 1961 1449 2003 quam
1478 1948 1601 1990 borea

327 2016 505 2072 spirante.
540 2018 590 2059 Et
607 2031 689 2059 nox
710 2017 796 2067 illa,
822 2028 983 2074 propter
1003 2017 1224 2059 huiusmodi
1251 2028 1416 2060 ventum
1441 2018 1600 2060 nivibus

326 2087 529 2142 conspersa
542 2120 554 2138 ,
583 2102 724 2143 aquam
749 2089 791 2128 in
821 2102 868 2129 ea
896 2088 1149 2130 vehementer
1172 2098 1358 2139 auxerat,
1385 2101 1505 2143 quam
1528 2077 1601 2130 viat

325 2159 515 2214 capitibus
530 2159 642 2214 supra
661 2173 746 2200 eam
767 2158 958 2200 exstantes
979 2158 1257 2200 transiverunt.
1279 2159 1330 2200 Et
1343 2170 1504 2215 propter
1524 2160 1598 2201 hu-

325 2230 388 2270 ius
411 2229 642 2284 tempestatis
670 2230 975 2284 magnitudinem
1003 2227 1240 2284 potiffimum
1262 2227 1450 2271 evadendi
1478 2228 1599 2271 facul-

326 2310 384 2341 tas
407 2299 495 2355 ipfis
516 2301 659 2341 oblata.

396 2373 544 2414 XXIV.
572 2373 806 2416 Plataeenses
828 2387 930 2417 vero
957 2387 981 2414 a
1004 2372 1100 2414 foss'a
1126 2371 1303 2426 digreffi‚
1334 2371 1468 2421 viam,
1493 2383 1597 2426 quae

325 2445 481 2488 Thebas
511 2444 683 2495 ferebat,
714 2447 872 2487 iverunt
907 2443 1100 2495 conferti,
1136 2444 1183 2484 ad
1210 2444 1383 2485 dextram
1414 2442 1598 2483 habentes

323 2517 577 2559 Androcratis
595 2515 741 2559 fanum.
770 2516 1036 2559 existimabant
1056 2517 1183 2568 enim,
1202 2515 1290 2558 illos
1305 2501 1599 2570 mimfflsuspi-
