1734 3158
335 165 434 229 5568
542 163 1414 215 ANNOTATIONES

395 251 470 288 ead.
492 250 517 288 l.
548 264 586 302 7.
613 245 1033 305 ‘0⁷1⁵ra'cxaee-toe)''0‘n
1065 250 1251 307 τάχιστα,
1275 253 1515 295 scribendum
1541 255 1612 297 Ar.

338 301 392 342 C.
417 302 517 343 Cass.
544 304 776 346 auctoribus.
804 304 847 344 δί
871 306 927 356 V,
951 307 1003 355 46
1029 307 1273 348 membranae
1288 310 1471 363 potiores.
1491 310 1616 351 Etiam

340 356 405 396 VI
415 387 433 410 ,Ι
456 371 551 407 104,
567 358 666 406 VII,
691 359 753 407 26,
799 372 840 410 9,
861 374 913 413 49
930 359 1028 412 Reg.
1048 359 1147 400 Caff.
1166 361 1310 402 GraeV.
1333 362 1376 403 &
1398 364 1536 416 procul
1552 365 1619 405 du·-

342 410 413 450 bio
427 410 609 464 Stephani
625 412 748 453 Codd.
801 414 941 453 irmant
962 415 1207 463 Herodotus,
1236 415 1384 456 Pollux.
1405 417 1620 471 Hippocra-

342 472 404 504 tes
428 464 445 514 §
469 466 525 513 V,
549 481 649 520 175,
669 463 730 505 ὅτι
757 466 914 519 τάχος,
933 467 976 506 &
1002 469 1229 509 Herodotus
1247 469 1304 510 IX
1319 500 1330 519 ‚
1359 471 1412 511 V.
1437 471 1499 512 Sic
1520 472 1620 525 Reg.

345 517 450 559 Caff.
474 520 578 567 VII,
609 535 674 570 42.
706 521 823 562 recle.
851 522 1056 575 coniungit
1081 523 1307 578 Xenophon
1337 525 1437 579 326,
1467 539 1554 580 359.
1577 528 1620 567 δι

344 571 458 612 Plato
483 572 648 614 Philebo
673 573 763 639 3833

402 627 477 666 ead.
497 627 522 667 l.
548 642 607 681 13.
627 626 820 681 Αἰγιτιου)
834 628 965 669 Huius
983 629 1116 683 oppidi
1133 629 1238 671 nulla
1253 631 1353 686 apud
1371 643 1524 673 veteres
1541 645 1621 673 me-

345 680 484 721 moria.
506 683 654 720 WAss.
685 680 751 721 De
773 682 855 721 eius
873 682 946 722 situ
969 683 1129 723 Palmer.
1153 683 1211 724 ΠΙ
1235 685 1376 726 Graec.
1399 686 1496 727 Ant.
1522 700 1582 737 14.

402 734 496 785 Pag.
523 748 610 789 313.
630 733 655 774 l.
679 749 718 784 4.
734 731 859 790 Ἤδη)
888 735 1093 790 Perperam
1112 737 1217 778 abest
1235 751 1259 777 a
1282 739 1343 780 Cl.
1370 741 1515 780 WAss.

405 790 480 826 ead.
498 787 522 828 l.
543 801 580 840 9.
597 787 755 840 Διώξεις
784 811 830 820 -
859 785 1011 844 doram.)
1032 791 1167 832 Suidas
1180 793 1219 831 in
1235 788 1475 848 ὑπαγωγάς.
1494 794 1624 835 IDEM.

348 840 400 882 Et
423 841 577 883 Aunor
599 841 775 895 Etymol.
801 842 858 884 M.
884 843 924 883 in
949 843 1115 897 ὑπάγει.

405 898 480 936 ead.
501 895 525 934 l.
560 908 620 935 11.
657 895 825 951 Αὐτοῖς)
859 896 963 937 Idem
977 928 990 947 ‚
1021 898 1127 952 quod
1153 899 1215 939 hic
1235 899 1284 940 de
1309 900 1441 941 dativo
1465 896 1625 952 αὐτοῖς,

350 947 468 988 etiam
499 948 548 989 ad
566 948 642 999 IV,
671 964 746 1003 25,
770 950 813 991 δι
844 950 941 991 VIII
950 983 962 1001 ,
985 966 1035 1002 24
1063 965 1085 993 e
1110 953 1307 1008 Stephano
1325 964 1494 1011 'annotat
1515 955 1625 995 Hud-

344 1000 483 1044 sonus.
511 1002 611 1044 Tale
631 1016 790 1058 quoque
818 1003 872 1044 est
895 1018 928 1046 c.
957 1006 1006 1046 26
1031 1006 1147 1047 huius
1166 1007 1232 1047 lib.
1255 1007 1295 1047 ὃς
1324 1010 1362 1049 ἢν
1379 1003 1512 1048 αὐτοῖς
1540 1008 1626 1049 ναίκ-

352 1070 497 1110 αρχος.
520 1057 563 1097 &
588 1057 707 1112 paulo
723 1056 809 1112 post
831 1058 919 1107 hic,
938 1059 954 1098 ὁ
975 1057 1053 1114 ἥγε
1085 1060 1130 1101 ὢν
1149 1057 1277 1101 αὐτοῖς
1297 1061 1370 1103 τῶν
1390 1061 1484 1103 {scm
1510 1061 1627 1116 ἐτύγ-

352 1123 465 1163 χανε
485 1111 678 1152 τεθνηκώς.
697 1111 771 1153 Sed
788 1122 918 1153 tamen
938 1112 1035 1154 huiu
1053 1114 1159 1155 modi
1179 1114 1350 1169 enallage
1367 1114 1526 1156 casuum
1544 1129 1627 1157 non

352 1163 504 1219 semper
527 1165 726 1218 procedit,
749 1165 792 1205 δι
816 1167 939 1206 multa
961 1166 1048 1208 sunt
1077 1168 1191 1210 huius
1252 1170 1395 1218 eneris,
1420 1170 1461 1209 in
1485 1170 1628 1224 quibus

352 1217 512 1258 dativus
531 1219 670 1260 eodem
698 1220 820 1260 modo
851 1222 1031 1273 ponitur,
1052 1235 1136 1276 quo
1160 1223 1201 1262 in
1247 1223 1368 1277 ingua
1401 1223 1535 1264 Latina
1566 1225 1628 1274 is,

353 1285 476 1325 quem
496 1272 673 1313 dativum
690 1273 950 1328 acquisitionis
965 1287 1114 1317 vocant
1127 1277 1381 1318 Grammatici
1392 1309 1406 1328 ,
1445 1291 1502 1318 uo
1520 1290 1632 1319 com-

353 1325 520 1367 modum
544 1327 612 1368 vel
629 1328 923 1370 incommodum
942 1328 1196 1383 significatum
1222 1331 1287 1372 vel
1318 1344 1390 1385 pot
1467 1331 1539 1373 dici
1557 1333 1630 1373 ab·

357 1380 529 1431 undare,
549 1391 596 1422 ut
613 1382 732 1422 dativi
754 1382 918 1424 aliorum
939 1385 1183 1438 quorundam
1206 1386 1499 1439 pronominum.
1526 1386 1628 1427 Vide

356 1433 540 1488 Stephan.
564 1435 600 1476 d.
626 1435 689 1475 lib.
717 1449 804 1490 pag.
825 1436 873 1492 83
901 1437 943 1480 &
973 1452 1058 1492 172.
1079 1438 1121 1481 &
1146 1439 1322 1480 Perizon.
1347 1440 1396 1481 ad
1417 1439 1569 1482 Aelian.
1589 1439 1633 1480 Π

357 1488 457 1530 Var.
480 1487 580 1530 Hist.
608 1502 684 1538 20,
706 1490 749 1531 &
773 1490 874 1540 VII,
898 1505 938 1543 7.

415 1544 507 1597 Pag.
535 1556 623 1598 315.
647 1543 671 1584 l.
697 1557 759 1599 13.
780 1544 864 1586 Ἐπὶ
887 1544 944 1597 τῷ
960 1538 1125 1600 Ἅληκι)
1149 1546 1214 1587 De
1233 1545 1300 1587 ἐπὶ
1326 1558 1404 1601 pro
1420 1561 1481 1587 ποι
1501 1547 1528 1587 ἒι
1549 1547 1629 1589 vid.

354 1595 458 1637 Not.
482 1597 532 1637 ad
553 1610 588 1639 c.
612 1610 659 1651 91
686 1598 726 1638 in
750 1597 815 1639 fin.
845 1599 992 1640 WAss.
1015 1600 1080 1641 De
1101 1601 1178 1641 hoc
1206 1600 1331 1641 fluvio
1359 1601 1438 1655 agit
1505 1601 1630 1643 luver.

353 1649 422 1691 -IV
453 1650 539 1691 Ital.
567 1650 703 1705 Antiq.
729 1665 789 1705 15.
815 1652 861 1693 In
880 1653 1083 1695 Strabonis
1107 1655 1190 1696 edd.
1218 1654 1394 1695 scribitur
1421 1649 1540 1709 ’Άλκξ
1563 1655 1633 1697 lib.

361 1702 450 1755 VI,
477 1719 516 1759 p.
544 1706 640 1746 260:
661 1703 731 1746 τοῦ
750 1705 798 1746 ἑὲ
815 1707 980 1748 ”Amnes
1002 1706 1203 1759 ποταμοῦ,
1223 1707 1292 1749 τοῦ
1319 1707 1537 1762 ἒιορίζοντος
1558 1709 1632 1751 τὴν

361 1756 528 1812 Ἲύγίνην
552 1758 634 1798 ἀντὶ
661 1758 729 1801 τῆς
750 1761 935 1815 Λοκρίὸος.
957 1762 1007 1802 Et
1027 1762 1067 1802 in
1086 1761 1260 1816 Dionys.
1278 1763 1422 1816 Perieg.
1443 1777 1481 1818 p.
1504 1776 1550 1819 59
1572 1764 1634 1805 ed.

361 1812 472 1855 Rob.
493 1813 623 1868 Steph.
651 1827 692 1853 v.
722 1815 822 1870 367,
851 1814 916 1856 ἐπὶ
936 1815 1148 1870 προχοῇσιν
1168 1810 1342 1858 Ἄληκος.
1361 1815 1459 1857 Item
1485 1817 1527 1857 in
1547 1817 1632 1859 Co-

361 1868 639 1929 non..Narrat.
661 1868 704 1909 V
728 1869 830 1923 apud
850 1868 1034 1911 Photium
1058 1871 1098 1911 in
1119 1870 1302 1931 Biblioth.
1324 1869 1502 1934 Priscian:
1528 1884 1632 1926 quo·

363 1934 510 2017 33¹².AE
527 1921 1636 2033 ”nazarenasmatifart,lxxem-..Sa

362 2028 396 2069 Ι.
425 2029 488 2071 Fr.
511 2030 742 2071 Gronovius
769 2045 792 2073 e
823 2030 988 2086 vestigiis
1014 2032 1086 2073 scri
1116 2044 1225 2074 turae
1258 2032 1346 2073 libri
1379 2032 1463 2074 Put.
1488 2044 1634 2075 nomen
1677 2074 1681 2077 .

363 2083 468 2124 illius
493 2084 653 2125 restituit
673 2085 786 2126 Livio
808 2085 974 2137 XXIX,
991 2101 1030 2140 7.
1053 2100 1081 2127 u
1110 2088 1123 2126 i
1146 2087 1269 2141 vulgo
1290 2087 1431 2141 legitur
1452 2102 1477 2126 a
1502 2089 1632 2128 Burro·-

363 2149 401 2177 ιο
434 2139 551 2179 amni.
578 2138 753 2179 Ortelius
769 2150 911 2233 putat,
931 2153 1021 2181 eum
1054 2154 1077 2180 a
1101 2140 1292 2182 Cicerone
1319 2139 1399 2182 VII
1423 2139 1537 2201 Epist.
1562 2141 1636 2182 Fa-

365 2190 446 2230 mil.
471 2205 543 2241 20,
564 2192 606 2232 &
624 2192 726 2234 XVI
745 2206 767 2232 a
810 2194 933 2234 Attic.
958 2208 1002 2246 7,
1024 2194 1224 2244 Haletem,
1247 2194 1290 2235 8:
1316 2208 1339 2235 a
1358 2195 1572 2236 Theocrito
1591 2195 1633 2235 V

364 2242 480 2296 Idyll.
511 2259 611 2300 123,
638 2246 681 2288 &
714 2246 816 2297 VII,
845 2261 862 2287 1
879 2278 891 2297 ‚
907 2247 1078 2289 “Ama
1104 2250 1253 2289 vocari.
1278 2248 1351 2289 Sed
1378 2249 1418 2288 in
1439 2247 1635 2290 Cicerone

364 2297 571 2352 legendum
593 2299 668 2340 effe
688 2301 865 2352 Heletem‚
882 2303 952 2356 qui
973 2301 1170 2343 Lucaniae
1190 2302 1333 2343 fluvius
1360 2301 1415 2342 est
1428 2330 1440 2351 ,
1465 2300 1636 2343 ostende-

365 2362 458 2392 runt
475 2352 676 2394 doffiffimi
690 2355 930 2409 interpretes.
946 2356 1031 2396 Nec
1043 2355 1208 2397 “Anam
1220 2355 1420 2396 Theocriti
1438 2354 1514 2395 effe
1528 2350 1638 2396 “Azn-
1724 2347 1725 2352 ¹

366 2419 423 2446 κα
437 2435 450 2454 ,
471 2405 518 2446 de
541 2420 626 2460 quo
653 2408 716 2448 hic
735 2409 1014 2462 Thucydides,
1037 2409 1238 2464 probabile
1258 2409 1454 2450 videbitur
1475 2409 1544 2457 iis,
1570 2409 1640 2464 qui

369 2459 570 2515 legerunt,
594 2474 696 2516 quae
714 2461 881 2517 disputat
898 2462 1077 2506 Heinsius
1096 2477 1131 2506 c.
1153 2461 1232 2504 XII
1251 2462 1359 2505 Lech
1379 2462 1583 2505 Theocrit.
