1734 3158
352 147 450 243 ςῃ
558 177 1426 230 ANNOTATIONES

354 279 459 308 tatem
482 267 733 324 confiquemim'.
773 270 874 312 Puto
897 269 1071 313 sufficere
1084 302 1098 320 ‚
1121 275 1208 313 Non
1232 272 1283 312 ita
1295 288 1316 321 ;
1346 284 1391 313 ut
1414 274 1455 315 in
1481 274 1634 331 virgil?-

357 320 396 361 ΙΙ
425 321 526 363 Aen.
561 324 631 379 583
646 355 661 372 ‚
686 324 754 365 ubi
779 325 1000 367 Germanus
1027 325 1209 367 observat
1232 327 1453 383 Euripidem
1483 331 1527 372 δι
1549 332 1622 372 So-

356 375 538 430 phoclem
560 377 637 419 hoc
657 378 810 430 dicere,
834 376 872 420 οὗ
893 379 1014 420 θῆτα.

411 429 485 470 ead.
511 431 536 472 l.
561 447 621 482 14.
648 432 784 474 Εἳτινες
806 430 879 486 ἄρα
901 434 966 474 καὶ
990 433 1190 490 ἐγένοντο)
1213 433 1299 475 Mff.
1322 434 1358 476 εἴ
1374 450 1436 477 τις
1449 433 1526 492 cispa
1549 436 1619 480 καὶ

355 482 521 537 ἐγένετο.
546 498 627 526 non
646 487 757 527 male.
778 490 926 527 WAss.

411 538 503 591 Pag.
529 540 617 593 269.
641 542 665 581 l.
693 555 707 580 1
743 572 752 581 .
775 540 1008 595 Ἐπίχαρτοι
1053 541 1158 583 Inter
1177 542 1361 595 Thucyd.
1386 543 1539 585 Glofl'as
1556 557 1620 586 re-

355 590 504 633 censuit
529 594 667 635 Pollux
765 624 777 643 ,
803 607 890 635 101.
921 595 978 635 At
1032 596 1218 651 ophocles
1243 598 1282 636 in
1301 598 1483 638 Trachin.
1509 598 1623 640 Plato

359 645 479 700 Epist.
498 645 535 687 8.
549 648 627 688 vid.
646 648 900 701 Hesychium.
914 651 1060 690 WAss.
1073 649 1194 690 Paulo
1207 650 1315 691 aliter
1327 650 1510 704 Aeschyl.
1527 652 1623 694 Pro-

359 699 479 740 meth.
510 713 585 754 157
599 731 611 751 ‚
633 701 795 756 Ἐχθροῖς
816 702 1023 758 ἐπίχαρτα
1047 703 1230 744 πέπονθα.
1249 704 1379 746 Schol.
1408 702 1624 759 εὖφρὸο-υνα.

357 753 610 848 Ἔπιέςαρμα,
633 756 740 810 quod
764 756 903 797 Pollux
931 757 1020 796 ibid.
1046 771 1069 798 e
1093 757 1296 811 Posidippo
1327 757 1458 809 affert,
1481 760 1524 801 &
1548 761 1623 800 im-

389 821 434 848 ro

355 821 420 913 ἴιοι
436 861 646 918 τέταγμαι.

415 917 509 969 Pag.
530 932 619 969 271.
642 918 667 958 l.
685 930 719 969 ς.
739 917 899 972 Ἀγαθόν
919 918 984 973 τι)
1000 918 1225 959 Particulam
1246 933 1286 959 τι
1305 932 1435 974 neque
1453 920 1540 962 Mff.
1558 934 1625 963 ne·

358 983 439 1023 que
464 971 545 1012 edd.
568 982 664 1012 vett.
684 972 839 1014 habent.
861 973 923 1014 Sic
941 985 1034 1014 mox
1062 973 1266 1027 ἐρωτῶντες
1285 974 1355 1014 εἴτι
1380 975 1626 1027 Accusamu-

360 1023 455 1065 νέους
472 1039 507 1065 κ.
525 1039 562 1066 τ.
579 1025 614 1079 ξ.
636 1025 781 1081 ἀγαθὸν
800 1026 835 1068 ἐν
858 1042 896 1067 τ.
919 1044 964 1068 ιτ.
985 1026 1213 1075 δεδρακότες
1233 1026 1333 1068 εἰσίν.
1357 1028 1447 1068 vid.
1469 1029 1519 1069 ad
1537 1042 1625 1084 cap.

360 1091 430 1172 ΞΩ..
449 1076 495 1118 In
518 1079 588 1120 Gr.
611 1080 699 1134 post
717 1080 927 1122 πεπόνθασι
940 1114 953 1132 ,
978 1093 1022 1121 ac
1041 1080 1173 1122 deinde
1194 1080 1279 1136 post
1299 1081 1517 1123 πεπονθέναι
1537 1082 1628 1124 sunt

389 1131 618 1175 istinEiiones
631 1136 823 1175 maximae
834 1165 846 1182 ‚
871 1136 910 1175 in
926 1134 1025 1176 Caff.
1050 1135 1198 1175 mediae
1210 1164 1222 1182 ‚
1237 1146 1354 1176 notae
1370 1135 1511 1176 scilic&
1528 1153 1629 1192 παρ-

361 1185 542 1237 εμβολῆς-ς
563 1188 602 1228 in
654 1203 703 1229 ua
732 1190 775 1231 &
806 1188 992 1230 struaura
1013 1190 1056 1230 δι
1074 1188 1256 1231 sententia
1278 1190 1550 1238 intricatiffima
1569 1202 1627 1232 at-

362 1252 444 1294 que
464 1240 620 1282 obscuri
634 1272 637 1273 ⁷
650 1256 728 1284 ima
750 1242 816 1283 est.
838 1245 922 1284 Nec
936 1242 1101 1285 multum
1117 1243 1256 1284 iuvant
1274 1243 1321 1284 ad
1339 1254 1544 1298 utramque
1558 1258 1629 1286 ex-

362 1295 589 1348 pediendam
611 1297 809 1338 verfiones
826 1297 1102 1352 interpretum,
1125 1310 1148 1338 e
1168 1297 1309 1351 quibus
1330 1297 1420 1338 satis
1439 1311 1629 1353 apparet,

364 1360 436 1388 eos
457 1349 522 1391 hic
543 1350 710 1392 hae-fisse.
732 1351 805 1393 Sed
829 1351 870 1392 in
894 1353 1023 1407 priore
1046 1361 1155 1407 parte
1175 1352 1290 1392 huius
1307 1351 1547 1406 παρεμβολῆς
1567 1366 1630 1394 re-

364 1402 475 1455 spicit
500 1403 602 1444 haud
626 1405 763 1454 dubie,
784 1406 894 1471 quod
915 1406 1031 1446 etiam
1057 1405 1286 1447 Scholiastes
1307 1416 1465 1456 monet,
1490 1406 1538 1447 ad
1562 1407 1628 1447 illa.

365 1456 592 1499 Archidami
617 1458 678 1509 Π,
702 1474 773 1512 72:
801 1460 974 1513 ησυχίαν
1004 1462 1149 1515 ἄγετε,
1177 1460 1362 1511 νεμόμενοι
1387 1462 1443 1499 τὰ.
1466 1455 1630 1514 ὑμέτεροι

366 1507 505 1553 αὐτοῖνι
528 1514 594 1553 καὶ
618 1514 707 1554 ἕστε
731 1514 834 1565 {anst
856 1514 945 1565 μεθ’
973 1512 1112 1569 ἑτέρων·
1139 1513 1313 1570 δέχεσθε
1331 1512 1378 1555 ἑὲ
1401 1513 1630 1569 ἀμφοτέρους

366 1564 522 1617 φίλους,
543 1567 609 1606 ἐπὶ
632 1568 785 1620 πολέμῳ
808 1567 876 1616 sb,
897 1567 992 1620 μηθ’
1013 1567 1162 1622 ἑτέρους.

423 1621 514 1672 Pag.
538 1636 627 1671 272.
648 1623 673 1662 l.
700 1621 736 1661 8.
759 1625 855 1675 Προς
877 1622 931 1671 τῷ
953 1621 1107 1676 Ἡραίῳ)
1130 1621 1196 1662 De
1214 1620 1374 1662 conditu
1391 1621 1508 1663 huius
1528 1629 1631 1663 tem-⁴

353 1672 420 1728 vpli
446 1675 536 1715 vide
566 1674 757 1717 Plutarchi
786 1676 1001 1716 Aristidem.
1035 1678 1173 1717 ans.
1205 1676 1310 1716 Urbs
1327 1707 1340 1725 ,
1369 1677 1496 1730 inquit
1524 1676 1632 1718 Post-

366 1729 529 1782 dippus‚
552 1731 617 1784 qui
639 1730 686 1771 ad
709 1731 912 1771 Menandri
932 1741 1108 1784 tempora
1127 1729 1312 1779 refertur,
1329 1730 1420 1770 Ναοὶ
1437 1728 1502 1770 «Μ’
1533 1730 1638 1779 εἰσὶ,-

369 1782 438 1822 καὶ
464 1785 585 1831 στοὰ,
609 1785 675 1824 καὶ
699 1783 890 1835 τοῦνομα,
912 1784 984 1824 Καὶ
1007 1787 1050 1823 τὶ)
1078 1784 1297 1830 βαλανεῖον,
1318 1783 1382 1824 καὶ
1404 1785 1448 1823 ‘rb
1476 1783 1630 1837 Σηράμ-

369 1837 436 1882 βου
456 1837 574 1878 κλέος.
592 1841 642 1877 Tb
661 1838 758 1879 πολὺ
773 1839 843 1890 μὲν
861 1835 972 1879 ἀκτή.
993 1838 1140 1878 Urbem
1163 1848 1284 1878 totam
1305 1850 1410 1878 anno
1430 1839 1548 1879 tertio
1561 1851 1630 1878 an-

367 1904 410 1931 te
431 1890 671 1933 LeuRricam
692 1906 862 1947 pugnam
887 1907 909 1934 a
931 1892 1152 1940 Thebanis,
1172 1902 1322 1946 praeter
1339 1891 1508 1945 templa,
1526 1893 1633 1932 exci-

368 1943 448 1985 sam
463 1957 595 1986 narrat
616 1946 818 1987 Pausanias
840 1947 919 1995 lX,
942 1961 975 1986 1.
996 1947 1143 1988 Urbem
1165 1945 1335 1986 condidit
1355 1945 1529 1998 Polybus
1544 1945 1635 2012 post

369 1998 634 2043 Deucalionis
656 2013 856 2052 tempora,
878 2001 1005 2054 inquit
1034 1999 1297 2053 Etymologus
1323 2011 1416 2039 voe.
1445 1999 1634 2053 βουκερας.

370 2055 518 2094 WAss.
552 2054 700 2095 Versus
728 2054 918 2109 Pofidippi
942 2055 989 2095 de
1020 2054 1180 2094 Plataeis
1209 2053 1296 2094 sunt
1320 2053 1361 2093 in
1386 2052 1635 2095 Dicaearcho

369 2120 457 2200 35:3³·
471 2122 541 2202 1¹2}
562 2106 1405 2216 edisshgi‘ssn’ffiiffffiussugiaffiffffn’ossffi
1425 2107 1634 2213 Ἣῗιῖξὲ

440 2193 447 2200 .
489 2194 497 2201 .
546 2194 555 2203 .
968 2194 981 2212 ,

370 2215 460 2262 des,
487 2177 613 2270 atqug
624 2216 704 2271 ipse
726 2216 939 2257 Pausanias.
962 2217 1064 2256 Nam
1086 2228 1175 2256 cum
1198 2216 1291 2256 urbs
1322 2228 1391 2269 per
1409 2227 1532 2255 annos
1558 2214 1635 2254 cir-

371 2269 467 2308 citer
490 2270 560 2310 XL
581 2271 620 2309 in
645 2272 762 2311 ruinis
786 2270 977 2320 iacuisset,
1001 2270 1137 2311 deinde
1157 2283 1226 2324 per
1250 2282 1384 2324 pacem
1408 2267 1634 2309 Antalcidae

369 2322 543 2363 restituta
565 2323 731 2378 Olymp.
752 2323 924 2366 XCVIII
935 2355 947 2373 ‚
961 2324 1092 2365 rursus
1109 2336 1215 2364 anno
1228 2323 1346 2363 tertio
1357 2334 1446 2362 ante
1458 2334 1635 2375 pugnam

371 2376 636 2426 Leuitricmn,
654 2392 754 2434 quae
778 2380 817 2418 in
842 2392 985 2419 annum
1010 2393 1033 2420 2
1056 2377 1111 2418 Ol
1145 2391 1220 2431 mp.
1242 2375 1314 2417 CII
1329 2375 1475 2423 incidit,
1494 2375 1636 2416 aThe-

371 2430 487 2471 banis
518 2431 674 2479 eversa,
700 2432 761 2472 sed
794 2446 817 2473 a
844 2433 1021 2487 Ph1lipp0
1043 2445 1099 2493 po
1144 2429 1349 2526 groelium
1379 2429 1438 2491 ad·
1455 2429 1638 2470 Chaero-

371 2497 484 2528 neam
498 2515 514 2534 ‚
538 2485 576 2527 id
597 2485 671 2535 est,
694 2485 780 2542 post
801 2499 946 2530 annum
965 2496 1124 2528 tertium
1186 2484 1309 2540 lymp.
1333 2481 1408 2527 CX
1430 2483 1636 2526 mstaurata

464 819 526 856 at,
545 809 599 849 est
623 810 738 851 etiam
758 810 860 866 apud
878 811 1078 852 Theocrit.
1105 810 1170 858 Π,
1194 825 1245 852 20
1260 841 1271 860 ‚
1295 813 1363 853 καὶ
1381 814 1439 855 τὶν
1457 813 1622 869 ἐπίχαρ-
1707 827 1710 830 ’
