1734 3158
362 206 461 270 '460
569 204 1441 255 ANNOTATIONES

365 346 377 357 ·
419 296 516 348 Pag.
543 295 630 347 138.
662 295 688 337 l.
715 309 751 349 3.
777 295 825 335 Οἱ
845 294 916 347 μὲν
943 318 988 326 -
1016 293 1267 349 φοβούμενοι)
1295 295 1482 350 Agnoscit
1502 296 1638 341 Suidas

364 361 407 390 m
424 348 512 388 Ῥίοι.
530 351 599 403 qui
616 348 716 398 Ῥίοι,
736 346 946 403 ἀκρωτῆριοο
963 361 1101 390 contra
1125 351 1306 391 Historici
1328 362 1494 392 mentem
1516 353 1635 392 inter-.-

366 413 552 457 pretatur.
573 403 650 444 vid.
669 403 954 458 Etymologum
978 404 1022 444 δι
1049 403 1219 455 Hesych.
1249 404 1291 444 in
1315 403 1412 445 Ῥίον.
1439 405 1634 459 expositio

364 469 464 497 vera
474 456 549 506 est,
564 458 785 512 exemplum
804 470 887 498 non
909 457 1086 511 quadrat.
1101 458 1326 505 Homerus,
1344 450 1432 509 Ἤρη
1452 458 1489 498 ‹P'
1516 458 1635 511 ἀίξαι-

367 525 426 551 σοι
448 511 561 551 λίπεν
581 511 697 552 ῬΙΟΝ
725 507 946 563 οὖλὺμποιο.
972 513 1114 553 WAss.
1138 511 1319 555 Fortaffis
1337 511 1485 554 defendi
1508 513 1637 566 potest

368 563 606 606 Suidas.‘1>1'a
623 567 664 606 in
677 564 900 606 universum
922 564 1029 614 sunt,
1043 576 1088 606 ut
1106 565 1210 615 recte
1227 566 1340 614 dicit,
1362 567 1495 607 omnia
1513 568 1562 606 ἐικ
1587 583 1635 606 ω-

367 615 501 672 mima,
529 619 632 671 ’ὄρους
659 619 791 672 ’σ’ρῧιοι,
816 619 880 659 καὶ
902 621 956 658 τὰ.
979 618 1045 659 ἐπὶ
1078 619 1288 661 &denoto-come
1310 619 1525 673 ἐγκείμενοι.
1570 633 1637 662 am

369 685 471 713 vero
492 670 578 713 satis
596 683 747 714 certum
768 671 840 720 est,
861 682 1074 726 utrumque
1084 672 1165 715 Ῥίον
1178 705 1190 722 ‚
1203 673 1249 712 de
1263 687 1346 727 quo
1359 674 1423 715 hic
1435 676 1512 714 aoit
1532 674 1642 715 Thu-

367 726 553 779 cydides,
572 740 595 767 a
616 727 813 767 veteribus
834 725 1079 780 scriptoribus
1093 726 1298 781 appellari,
1320 728 1362 767 &
1376 727 1428 769 fui
1462 741 1483 767 e
1502 727 1638 780 ἄκραν,

371 780 417 826 &
439 778 685 834 ἀκρωτήριον,
704 781 747 822 81.
765 780 901 820 locum
924 781 966 820 in
989 793 1095 820 mare
1115 792 1418 834 procurrentem.
1439 781 1531 822 vid.
1553 781 1639 822 Pal·

373 846 469 874 mer.
496 833 522 873 l.
547 833 584 873 d.
615 834 742 874 Schol.
765 834 937 874 Theocr.
961 834 1002 874 in
1023 833 1064 883 I,
1100 833 1198 874 126:
1221 837 1269 873 Tb
1299 832 1385 875 Ῥίον
1417 833 1641 888 ἀκρωτῆριόν

369 887 458 928 ἐστι
490 886 558 929 τῆς
585 886 893 936 Πελοποννήσου,
921 887 1090 928 ἑνοιντίως
1118 887 1174 937 τῷ
1207 888 1425 939 καλουμένῳ
1455 889 1642 942 Ἀντιῤῥίῳ

370 940 639 995 τετραμμένον.
668 942 714 982 In
734 942 804 988 iis,
825 954 926 996 quae
949 942 1002 981 ibi
1021 941 1146 1004 paulo
1173 951 1263 982 ante
1289 941 1470 995 leguntur
1489 942 1535 984 de
1558 944 1641 984 He-

371 993 445 1036 lice
460 1026 472 1045 ,
497 996 516 1037 ἦ
544 995 664 1047 ’όνομοι
691 995 837 1040 πόλεως
863 997 954 1049 ’πρὶς
988 1010 1042 1046 τῳ
1070 994 1147 1047 ὂρίῳ
1178 997 1222 1035 τὶ
1250 995 1454 1048 Ἀχαϊκῷ,
1487 996 1642 1039 videtur

372 1049 475 1089 idem
498 1050 641 1090 vitium
671 1048 746 1090 effe
760 1081 773 1100 ‚
794 1050 903 1104 quod
926 1062 949 1090 e
971 1047 1127 1090 Pausan.
1148 1048 1301 1090 Phocic.
1329 1062 1413 1104 cap.
1442 1050 1499 1092 XI
1520 1049 1643 1092 sustu-

371 1102 503 1145 lerunt
525 1103 735 1144 Palmerius
763 1103 808 1144 δε
827 1103 1032 1152 Kuhnius‚
1053 1103 1096 1144 &
1113 1116 1189 1167 pro
1214 1102 1293 1155 ὄρίῳ
1313 1102 1350 1144 le
1375 1104 1516 1144 endum
1540 1104 1641 1155 Ῥίῳε

371 1168 419 1199 ut
445 1157 487 1198 &
512 1157 599 1211 infr.
626 1158 667 1198 in
685 1157 812 1198 Schol.
835 1170 881 1197 ca
910 1187 920 1196 .
944 1170 997 1209 90
1018 1156 1091 1198 τῶν
1123 1155 1206 1197 Ρίων
1228 1169 1320 1198 cum
1378 1157 1444 1200 aff.
1464 1171 1540 1214 pro
1563 1158 1641 1199 τῶν
1690 1168 1692 1171 ·

374 1210 489 1266 ὁρίων.
513 1212 606 1253 Vid.
630 1210 795 1253 Casaub.
818 1212 871 1252 Le
912 1241 922 1251 .
944 1211 1145 1252 Theocrit.
1171 1224 1205 1251 c.
1234 1224 1269 1251 ο..

428 1269 504 1306 ead.
527 1265 554 1306 l.
577 1269 613 1307 6.
640 1269 739 1319 Πρδς
761 1265 902 1306 ἐκείνων
920 1260 1044 1317 εἶναι)
1070 1264 1148 1305 Th.
1169 1263 1318 1318 Magist.
1350 1264 1409 1315 Τῷ
1432 1267 1523 1317 πρὶς
1555 1265 1644 1306 Ἀτ-

375 1319 473 1359 mne>
493 1319 546 1360 εἰς
567 1319 635 1361 τὴν
657 1319 849 1371 annoto-lm
867 1317 937 1359 τοῦ
961 1314 1054 1370 ὑπὲρ
1077 1318 1247 1372 χρῶνται
1272 1317 1396 1359 ἐνίοτε.
1416 1317 1578 1359 Θουκυέ.
1605 1319 1641 1360 οἱ

374 1372 425 1414 ἑὲ
446 1396 491 1403 -
517 1369 625 1414 εἶναι.
647 1373 746 1414 Add.
766 1373 896 1428 Steph.
925 1373 973 1413 ad
999 1372 1134 1427 Script.
1153 1372 1201 1413 de
1219 1371 1383 1413 Diale&
1406 1386 1444 1426 p.
1479 1385 1539 1423 32.

431 1427 524 1482 Pag.
552 1441 638 1482 ¹39·
663 1429 687 1467 l.
726 1442 757 1467 1.
782 1430 830 1467 Tb
853 1425 1083 1477 ἐκφοβῆσαι)
1115 1425 1218 1467 Clar.
1253 1424 1387 1467 Waffe
1409 1426 1497 1480 post
1524 1426 1645 1469 verba

374 1481 500 1521 Henr.
523 1481 728 1537 Stephani,
746 1494 848 1536 quae
866 1482 908 1522 in
929 1481 1028 1522 Var.
1057 1479 1162 1522 Le&
1185 1480 1389 1533 leguntur,
1419 1478 1616 1534 scripserat
1629 1512 1645 1531 ‚

374 1534 430 1575 ita
447 1535 588 1578 habere
610 1536 835 1577 stobaeum.
849 1535 954 1576 Puto
975 1531 1044 1576 τοῦ
1055 1565 1070 1586 ,
1093 1534 1201 1590 quod
1219 1533 1310 1575 alibi
1330 1547 1404 1589 pro
1422 1537 1468 1575 ‘rb
1485 1534 1561 1589 legi
1577 1548 1647 1576 an·
1723 1564 1727 1570 v

375 1599 491 1632 notat
518 1589 748 1646 Stephanus.

434 1646 508 1684 ead.
530 1644 556 1684 l.
582 1658 639 1684 11.
665 1645 737 1684 Ka)
757 1643 839 1696 μὴ)
865 1644 944 1685 Hic
959 1675 970 1694 ‚
1002 1652 1049 1684 ut
1068 1641 1151 1683 aliis
1179 1640 1367 1697 plerisque
1386 1642 1515 1692 locis,
1538 1641 1649 1684 falless
1729 1650 1732 1654 '

376 1706 466 1747 tur,
492 1699 563 1752 qui
590 1699 809 1752 negativam
837 1696 1066 1752 particulam
1095 1710 1184 1737 cum
1221 1698 1344 1750 magis
1377 1697 1503 1738 vicina
1539 1710 1648 1738 voce
1680 1722 1686 1738 ι

376 1752 611 1805 iungendam
630 1753 803 1807 putabit:
830 1752 868 1792 id
894 1751 967 1802 est,
991 1750 1217 1804 particulam
1245 1749 1301 1801 μὴ
1328 1763 1418 1791 cum
1441 1751 1647 1845 participio

376 1806 702 1858 προβαλλομένους
722 1807 904 1860 iungere,
923 1818 1006 1847 non
1025 1817 1118 1845 cum
1141 1804 1268 1845 verbo
1288 1805 1477 1857 γενέσῇοιι
1487 1835 1502 1854 ,
1522 1818 1576 1846 νο
1591 1816 1644 1846 et.

378 1857 469 1900 Post
485 1859 589 1902 illam
610 1862 728 1915 igitur
750 1858 1099 1914 interpungendum
1126 1857 1254 1899 fuerit.
1276 1858 1340 1899 Ad
1356 1857 1496 1899 vallae
1514 1869 1645 1901 autem

377 1915 735 1968 interpretationem
763 1915 871 1969 quod
896 1915 1031 1954 attinet
1044 1943 1056 1960 ‚
1081 1925 1128 1953 ea
1152 1912 1259 1952 illum
1280 1925 1409 1966 neque
1432 1912 1508 1953 hoc
1527 1913 1649 1953 anim-
1719 1927 1734 1959 χ

380 1968 582 2010 advertiffe
592 1998 604 2017 ‚
624 1981 751 2024 neque
764 1969 914 2023 alioqui
933 1966 1082 2009 sensum
1099 1966 1215 2007 huius
1235 1966 1313 2008 loci
1334 1965 1543 2008 affecutum
1557 1965 1650 2016 effe,

379 2021 558 2064 ostendit.
587 2023 741 2064 STEPH.

435 2077 527 2131 Pag.
556 2079 682 2126 140.l.
705 2091 741 2118 2.
753 2076 863 2118 ’'Aveu
889 2098 935 2106 —
959 2073 1123 2126 ὠφελοῖ)
1144 2073 1384 2134 Stobaeusy.
1411 2073 1475 2114 88.
1495 2086 1545 2114 ex
1566 2075 1650 2115 Cni·
1726 2099 1734 2115 ο

381 2130 416 2172 ci
436 2142 534 2171 orat.
558 2132 712 2185 corrige
738 2133 863 2172 Cnemi.
881 2143 957 2185 pro
973 2128 1095 2170 ἀλκῆς
1117 2129 1232 2169 habet
1252 2124 1382 2169 αὐτῆς.
1403 2127 1497 2169 hinc
1515 2140 1652 2168 emen-

382 2185 445 2229 da.
470 2186 603 2226 locum
625 2185 843 2226 aemulatus
861 2183 916 2225 est
942 2182 1140 2225 Sallustius
1164 2181 1282 2223 Catil.
1304 2184 1402 2223 timor
1423 2183 1531 2222 animi
1550 2184 1648 2223 auri-

382 2240 447 2278 bus
469 2240 584 2294 officit.
608 2238 817 2282 ἐκπλήττει
842 2238 985 2278 habent
1013 2236 1205 2277 Plutarchi
1232 2235 1356 2277 Codd.
1380 2234 1523 2276 Moral.
1555 2248 1648 2291 333.
1728 2272 1734 2277 ..

380 2288 530 2339 WAsss.
555 2290 786 2335 Ἐκπλῆο-σει
807 2293 956 2334 Thom.
973 2290 1124 2345 Magist.
1146 2290 1183 2330 h.
1206 2304 1248 2330 v.

438 2350 517 2387 ead.
540 2347 566 2387 l.
588 2347 625 2387 8.
651 2347 727 2388 Τῶν
747 2345 956 2399 πλειόνων)
982 2346 1043 2386 Ex
1064 2346 1243 2385 Homero
1265 2342 1311 2383 11.
1331 2341 1388 2393 μ’,
1409 2355 1511 2390 412:
1530 2342 1650 2384 ’κλύε
1706 2337 1730 2390 ἶ

383 2414 449 2446 νων
468 2399 518 2440 ὃέ
537 2415 594 2442 τοι
613 2399 721 2455 ’ἔργον
739 2401 899 2453 ἄμεινον.
923 2399 1077 2440 Victor.
1094 2396 1271 2439 XXVIII
1292 2396 1388 2436 Var.
1409 2395 1512 2437 Le&
1534 2411 1596 2437 21.

391 2495 400 2500 ,
442 2455 535 2508 Pag.
562 2467 647 2502 ¹41·
667 2455 694 2492 l.
711 2468 749 2502 4.
769 2452 1027 2505 Τιμήσοντοιι)
1044 2453 1120 2492 Pro
1141 2446 1405 2502 τιμηθήσονται
1421 2450 1562 2490 dicium
1579 2463 1651 2492 an·
1722 2436 1730 2483 s

384 2519 499 2550 notat
528 2507 764 2552 Scholiastes.
789 2508 862 2551 Sic.
897 2507 942 2559 1,
971 2521 1066 2558 142,
1088 2504 1140 2559 Τῇ
1175 2503 1250 2560 τῶν
1277 2502 1490 2559 χρημάτων
1511 2505 1655 2554 σπάνει
1696 2549 1699 2553 Δ
