1734 3158
331 201 426 266 21⁶6
618 215 1307 267 THUCYDIDIS

325 328 532 370 κησαντες
556 306 717 364 αὐτοθι,
750 304 868 369 αὐθις
891 309 1238 369 στασιάσαντες,
1267 316 1304 362 οἱ
1330 333 1410 382 μεν
1426 349 1438 368 ,
1465 332 1596 387 παρα

326 381 615 438 Πισσουθνου’
604 407 837 457 επικουρους
853 387 1064 460 Ἀρκαδων
1077 410 1122 439 τε
1135 410 1213 453 και
1184 385 1492 483 ssoepssoipoev’
1481 411 1594 441 effa,-

323 459 515 530 γὸμενοι,
543 463 580 512 ἒν
616 461 1011 533 διατειχίσματι
969 472 1103 527 εἰχον,
1127 486 1206 516 και
1230 487 1308 516 των
1337 466 1387 515 ἐκ
1414 489 1484 525 της
1506 464 1595 517 ἅνω

325 537 494 595 πολεως
512 536 798 600 Κολοφωνίων
813 562 846 590 οι
867 539 1158 600 Μηὸίσαντες,
1177 540 1507 603 ξυνεσελθοντες’
1495 563 1596 593 επο-

326 618 499 666 λίτευον.
524 619 558 664 οἱ
583 604 652 668 δε,
683 614 974 676 ὑπεξελθόντες
995 614 1179 673 τούτους,
1204 614 1282 668 καὶ
1305 615 1412 674 ὄντες
1433 617 1597 683 φυγαί-

327 689 418 747 ὃες,
445 711 509 741 τον
527 688 776 752 Πάχητα’
764 690 1018 755 εποὶγονται.
1046 696 1065 742 ὁ
1094 684 1161 747 δε,
1182 693 1597 765 προσ-καλεσάμενος

326 767 368 823 ἒς
396 763 554 829 λόγους
579 764 757 817 Ιππίαν
784 789 849 818 τον
879 768 914 818 ἒν
938 767 999 838 τῷ
1007 766 1353 858 διατειχίσματι
1380 769 1597 860 Ἀρκάδων

326 862 540 932 αρχοντα,
568 838 702 896 ὥστε,
729 864 772 901 ην
796 836 969 911 μηᾶἳν
947 838 1120 915 αρέσ-κον
1145 840 1280 910 λέγῃ,
1306 842 1446 898 πάλιν
1474 840 1598 896 αὐτον

326 937 618 977 καταστησειν
641 919 682 975 ἐς
708 938 753 968 το
780 939 919 981 τειχος
941 941 1023 971 σ-ων
1045 941 1123 971 και
1149 921 1272 984 ὑγιᾶ
1304 923 1323 971 ὁ
1349 942 1426 991 μεν
1453 919 1597 1006 ἐξηλθε

327 996 437 1060 παρ’
455 992 590 1044 αὐτον
619 996 638 1043 ὁ
658 993 729 1043 δ”
719 995 859 1046 εκεῗνον
878 1015 955 1063 μεν
975 997 1012 1047 ἒν
1037 996 1225 1060 φυλακή
1248 991 1502 1068 ἀδέσμῳ
1457 1005 1595 1060 εἶχεν,

323 1064 451 1126 αὐτος
470 1061 507 1119 ὃ
499 1090 516 1119 ε
533 1062 801 1158 προσ-βαλων
816 1069 879 1142 τῷ
892 1074 1146 1140 τειχίσματι
1167 1073 1443 1134 ἐξαπιναίως,
1458 1095 1535 1125 και
1552 1075 1598 1123 οὐ

326 1140 691 1217 προσδεχομένων,
713 1148 838 1218 alpia,
861 1143 953 1204 τούς
970 1169 1015 1199 τε
1042 1146 1259 1242 Ἀρκαὸας
1276 1170 1354 1200 και
1376 1172 1456 1200 των
1452 1149 1597 1241 βαρ-

325 1219 523 1293 βάρωνῌ
498 1243 584 1272 οσ-οι
609 1223 752 1282 ἔνησαν
773 1222 1041 1296 διαφθείρει
1042 1245 1124 1275 και
1150 1246 1215 1276 τον
1236 1220 1463 1276 ζἸτι“7ι·ι”οον
1437 1245 1599 1297 νιν-τερον

323 1383 382 1424 tio
404 1381 539 1423 rursus
563 1390 653 1423 orta
677 1381 804 1424 fuiffet
822 1382 921 1425 ‘mter
937 1382 1051 1434 illos,
1074 1358 1144 1438 qui
1167 1396 1219 1424 eo
1244 1382 1502 1438 confugeram
1515 1415 1527 1434 ,
1553 1383 1599 1424 &

323 1463 480 1494 veteres
499 1452 607 1493 urbis
629 1453 798 1495 colonos
812 1485 824 1503 ,
840 1453 905 1494 alii
929 1453 1085 1508 quidem
1104 1453 1308 1495 auxiliares
1328 1454 1483 1509 copias,
1501 1468 1605 1509 quas

329 1532 354 1559 a
381 1518 602 1568 Piss'uthne,
629 1520 672 1560 δι
695 1520 746 1560 ab
771 1520 1013 1572 Arcadibus,
1035 1535 1081 1563 ac
1105 1521 1275 1563 barbaris
1304 1521 1600 1574 arceffiverant,

324 1590 367 1630 in
390 1590 680 1632 munitionibus
712 1591 850 1633 urbem
880 1591 1211 1648 intersepientibus
1235 1593 1456 1643 habebant,
1483 1594 1526 1636 &
1546 1594 1600 1636 illi

322 1658 372 1699 de
394 1658 679 1714 Colophoniis,
703 1660 771 1715 qui
791 1661 1045 1717 profugerant
1071 1676 1122 1704 ex
1145 1663 1303 1718 antiqua
1328 1665 1454 1718 patria
1475 1664 1600 1714 urbe,

320 1740 423 1781 quae
445 1741 471 1768 a
489 1728 588 1769 mari
607 1739 689 1769 erat
710 1729 924 1780 remotior,
948 1731 1095 1786 quique
1117 1731 1243 1772 Medis
1274 1730 1473 1781 faverant,
1504 1745 1597 1772 cum

321 1797 490 1838 eiusdem
514 1796 691 1840 factionis
715 1798 937 1841 hominibus
956 1813 1007 1842 eo
1026 1799 1180 1855 ingreffi
1193 1828 1205 1849 ‚
1233 1799 1508 1855 rempublicam
1531 1800 1601 1841 ad-

322 1867 601 1908 ministrabant.
627 1867 689 1908 alii
714 1881 814 1909 vero
835 1899 848 1918 ‚
874 1869 942 1922 qui
964 1867 1063 1910 clam
1085 1868 1163 1910 istis
1185 1867 1437 1924 aufugerant,
1461 1869 1503 1910 δε
1527 1869 1601 1924 qui

325 1936 480 1978 exsules
499 1947 631 1988 erant,
648 1937 851 1979 Pachetem
869 1938 1156 1980 arcessiverunt.
1179 1939 1218 1979 Is
1231 1948 1360 1980 autem
1371 1970 1385 1989 ‚
1397 1951 1487 1980 cum
1500 1939 1602 1993 Hip-

321 2007 452 2061 piam,
484 2007 684 2048 Arcadum
713 2007 851 2048 ducem
865 2038 878 2058 ,
902 2007 969 2062 qui
991 2009 1032 2047 in
1053 2006 1337 2048 munitionibus
1358 2006 1432 2047 illis
1460 2005 1599 2047 urbem

322 2077 656 2133 intersepientibus
678 2090 785 2129 erat,
809 2079 857 2120 ad
878 2078 1122 2133 colloquium
1148 2077 1368 2128 evocaffet,
1388 2089 1437 2118 ea
1460 2075 1601 2118 condi·

322 2146 434 2187 tione
445 2177 456 2196 ,
479 2157 547 2197 ut,
564 2147 593 2188 fi
611 2147 705 2188 nihil
725 2147 895 2198 dixisset,
918 2148 1027 2203 quod
1047 2146 1116 2188 sibi
1134 2147 1327 2203 placeret,
1345 2159 1438 2188 eum
1454 2146 1495 2186 in
1510 2143 1599 2186 suas

322 2217 565 2259 munitiones
579 2218 709 2260 rursus
721 2217 870 2260 salvum
892 2219 933 2260 &
946 2217 1080 2260 sanum
1102 2217 1334 2259 restitueret:
1358 2215 1420 2257 ille
1441 2215 1597 2270 quidem
1637 2245 1649 2256 .

323 2285 371 2330 ad
395 2285 520 2341 ipsum
542 2288 732 2342 proceffit.
757 2287 842 2342 Ipse
867 2301 967 2330 vero
986 2302 1079 2329 eum
1102 2288 1141 2328 in
1164 2286 1333 2328 custodia
1351 2285 1432 2325 fine
1457 2285 1597 2326 vincu-

323 2354 370 2395 lis
394 2354 537 2397 servari
557 2356 658 2398 iussit
665 2371 678 2407 3
706 2356 876 2398 hostium
909 2357 1142 2398 munitiones
1165 2363 1326 2409 repente
1350 2353 1530 2401 adortus,
1550 2352 1596 2393 il-

321 2427 441 2483 lisque
463 2430 556 2470 nihil
574 2430 650 2472 tale
676 2430 1002 2485 exspeaantibus,
1026 2428 1151 2483 capit,
1175 2426 1218 2467 δι
1240 2424 1410 2465 Arcadas
1431 2436 1476 2464 ac
1500 2422 1592 2463 bar-

326 2498 467 2550 batos,
492 2509 694 2555 quotquot
717 2500 823 2541 intus
845 2508 977 2550 erant,
1001 2494 1152 2539 occidit.
1180 2495 1229 2538 Et
1252 2494 1433 2549 Hippiam
1454 2489 1586 2548 postea

1715 1484 1734 1670 ξ

1719 1671 1734 1831 3
