1734 3158
377 210 469 260 sm
573 192 1452 243 ANNOTATIONES

370 293 456 322 ton.
480 281 614 323 Tiber.
637 281 764 331 LVII,
789 279 910 323 πηλὶν
937 278 1083 332 αἵματι
1109 282 1380 336 πεφυραμένοντ
1404 282 1492 330 ubi,
1514 296 1652 338 quami

369 349 490 389 quam
515 337 557 377 δι
588 335 675 376 Mff.
706 337 886 384 variant,
911 336 955 376 δι
986 335 1120 376 Suidas
1150 335 1189 375 in
1221 334 1461 390 Ἀλέξανδρος
1490 339 1648 394 Αἰγαῖος·

375 389 494 430 habet
515 390 768 444 πεφυρμένον,
794 389 1050 430 Casaubonus
1072 400 1201 430 tamen
1225 391 1388 430 omnino
1410 390 1548 433 melius
1572 393 1648 433 effe

373 443 466 485 dicit
482 446 748 498 πεφυραμένον.
760 437 896 484 Ὕπνον
914 442 1104 497 αἱρεῖτε-δια
1123 442 1178 483 est
1191 444 1306 484 etiam
1325 444 1378 491 ΙΙ,
1395 458 1463 496 7ς,
1482 446 1550 486 ubi
1569 447 1650 488 vid.

377 499 524 592 WPag.·
544 512 632 553 243.
652 499 676 538 l.
700 512 735 553 3.
748 497 939 552 Ἔφθοισε)
957 497 1051 538 vid.
1075 496 1241 538 Diodor.
1261 497 1376 540 Sicul.
1399 512 1485 553 pag.
1511 512 1592 555 315
1609 512 1648 542 a.

440 563 527 592 Ass.

433 610 507 647 ead.
533 606 559 646 l.
589 618 648 645 11.
671 601 854 659 Km'ipove)
877 603 1043 657 Mepa‘saef
1063 605 1166 646 reite
1186 605 1460 660 interpretatur
1478 605 1652 647 Scholia-

375 657 460 699 stes.
488 658 552 700 Est
577 660 678 720 emm
709 658 833 712 κλῆρος
856 659 1018 720 portio,
1041 658 1123 699 sive
1145 660 1284 700 modus
1307 661 1389 713 agri
1407 660 1585 708 colonis,
1611 661 1653 702 in

375 726 496 807 2553}
515 711 1030 820 &affiffkss‘ssffiffignffiff
1036 712 1652 822 ÷ffi5¹s¹335532¹ss1ss3302333¹05121

377 821 483 861 Nub.
510 836 551 862 v.
579 835 679 875 203,
705 821 748 861 &
766 820 813 860 ad
833 819 1060 861 callimach.
1079 821 1229 873 Hymn.
1246 821 1286 861 in
1309 820 1399 862 Del.
1417 835 1458 863 v.
1481 821 1554 861 281
1572 837 1586 871 ;
1606 823 1651 863 δι

374 874 550 916 Perizon.
572 876 620 915 ad
647 873 799 914 Aelian.
823 873 898 914 XII
920 875 1018 914 Var.
1041 873 1138 915 Hist.
1167 875 1232 915 6ι.
1253 873 1481 917 Posterioris
1502 877 1653 930 generis

379 925 533 984 κλήρους
555 929 690 969 heredia
709 927 907 969 vocabant
925 928 1118 975 Romani,
1132 928 1239 981 quod
1258 928 1436 970 heredem
1452 928 1653 984 sequeren-

379 994 466 1033 tur,
486 994 530 1023 ut
553 983 605 1023 ait
630 983 765 1022 Varro
792 982 809 1022 l
835 982 882 1022 de
901 982 963 1023 Re
984 981 1095 1024 Rust.
1126 995 1187 1022 10.
1250 1003 1254 1005 ·

437 1041 512 1077 ead.
539 1037 563 1077 l.
594 1051 653 1091 ¹3·
677 1034 758 1076 Τοῖς
777 1034 874 1076 θεοῖς
899 1035 1010 1090 ἱεροὺς
1039 1034 1203 1090 ἐξεῖλον)
1224 1034 1289 1076 De
1309 1035 1386 1077 hoc
1408 1049 1519 1077 more
1537 1048 1655 1078 vete-

379 1104 498 1138 rum,
522 1091 561 1131 in
583 1090 794 1131 dividendis
819 1090 923 1144 agris
946 1090 995 1130 ab
1028 1089 1137 1130 hoste
1164 1090 1285 1152 captis
1300 1120 1315 1138 ,
1336 1090 1417 1143 agit
1446 1090 1652 1144 Spanhem.

383 1145 541 1186 Diss'ert.
566 1145 623 1185 IX
640 1144 686 1184 de
710 1143 915 1184 Praestant.
938 1144 980 1184 &
1005 1143 1087 1184 Usu
1106 1143 1293 1184 Numism.
1315 1157 1401 1198 pag.
1422 1143 1523 1198 669,
1542 1146 1585 1186 δι
1603 1144 1653 1186 ad

381 1200 522 1240 Iuliani
545 1198 657 1240 Orat.
681 1198 724 1245 Ι,
750 1211 834 1252 pag.
861 1197 950 1238 218.
981 1196 1219 1252 Κληρούχους
1245 1198 1373 1238 Schol.
1405 1197 1599 1253 Aristoph.
1626 1199 1656 1240 l.

382 1255 420 1295 d.
435 1253 606 1306 Hesych.
630 1252 761 1293 Suidas
787 1253 829 1293 &
848 1251 975 1292 Schol.
997 1252 1178 1307 Sophocl.
1197 1252 1306 1292 Aiac.
1333 1250 1429 1304 508,
1453 1263 1655 1307 exponunt

382 1306 588 1363 γεωργούς.
612 1306 719 1348 Alibi
744 1305 830 1346 sunt
853 1306 967 1347 duces
989 1305 1246 1347 coloniarum.
1269 1306 1489 1360 Utramque
1511 1305 1654 1362 fignifi-

383 1363 578 1404 cationem
609 1361 733 1401 allatis
768 1360 982 1401 multorum
1022 1359 1249 1414 scriptorum
1277 1359 1372 1400 locis
1403 1359 1653 1402 ostenderunt

384 1415 515 1457 Vales.
539 1415 586 1456 ad
614 1415 848 1469 Harpocrat.
874 1427 965 1454 voc.
990 1418 1066 1455 Κλη
1088 1412 1228 1468 οῦχοι,
1253 1413 1296 1454 &
1319 1413 1462 1468 Spanh.
1486 1415 1533 1454 ad
1561 1414 1655 1456 Ari-

384 1471 509 1526 stoph.
534 1469 559 1510 l.
583 1469 618 1509 d.
642 1469 685 1509 δι
707 1468 754 1509 ad
776 1468 916 1508 Iuliani
937 1467 1050 1508 Orat.
1102 1498 1118 1516 ‚
1142 1481 1231 1522 pag.
1258 1467 1345 1518 187.

442 1527 536 1577 Pag.
552 1538 641 1573 244.
662 1524 686 1564 l,
711 1537 744 1577 3.
764 1521 1025 1576 Πολίσμαιτοι)
1044 1522 1209 1563 Troiam
1227 1534 1276 1563 ex
1289 1520 1364 1562 hac
1381 1534 1485 1562 voce
1498 1532 1654 1576 captam

386 1592 411 1620 a
433 1578 601 1619 Pachete
632 1586 924 1631 argumentatur
953 1576 1091 1617 Strabo
1122 1575 1242 1624 ΧΠΙ,
1274 1587 1363 1630 pag.
1394 1575 1485 1630 896.
1509 1578 1656 1618 WAss.

388 1633 488 1674 Add.
510 1645 611 1686 quae
633 1631 689 1671 ibi
714 1641 874 1671 annotat
895 1630 1159 1671 Casaubonus.

441 1690 516 1728 ead.
539 1687 565 1726 l.
585 1699 622 1739 9.
645 1683 788 1725 Μίνωοιν
817 1686 883 1725 τὴν
907 1683 1038 1738 νῆα-ον)
1061 1684 1201 1725 Strabo
1224 1682 1308 1731 IX,
1331 1696 1371 1737 p.
1405 1696 1476 1738 391
1492 1713 1507 1730 ‚
1539 1682 1656 1736 ἔκροον

387 1752 520 1783 vocat.
539 1739 734 1781 Observat
748 1738 911 1780 Casaub.
927 1739 974 1779 ad
991 1738 1115 1779 Strab.
1131 1737 1204 1785 ΙΙΙ,
1225 1736 1417 1791 137,haec
1434 1737 1535 1791 apud
1554 1737 1659 1778 Geo-
1731 1764 1734 1771 ι

388 1797 557 1851 graphos
576 1793 686 1856 saep?⁷
710 1792 923 1853 confundi?
947 1794 989 1833 δι
1011 1793 1063 1858 ab
1086 1792 1164 1833 alio
1183 1790 1367 1838 insulam,
1391 1791 1457 1831 vel
1478 1789 1657 1853 peniusu-
1728 1840 1730 1842 Ι

386 1847 972 1958 {3311212112‘3}},²¹1{¹,’ffi?3¹33¹131¹5
991 1843 1657 1954 &22333'5330{53115‘1‘5'5323335
1732 1880 1734 1882 ·

387 1958 521 2011 cydidi
540 1955 637 2010 ἄκροι
649 1970 663 2005 3
683 1956 790 2009 quod
814 1966 950 1996 contra
977 1953 1158 2008 scriptum
1181 1953 1387 1999 voluerat,
1407 1963 1453 1992 ut
1478 1951 1657 2007 intelligi·
1732 1970 1734 1972 ·

370 2017 454 2055 'tur
475 2025 525 2053 ex
545 2012 616 2058 ils,
638 2022 742 2064 quae
769 2010 815 2050 ad
834 2010 1011 2050 strabon.
1032 2008 1116 2056 IX,
1143 2021 1215 2063 391
1244 2016 1416 2047 annotat.
1488 2011 1502 2022 ⁹
1730 2045 1734 2060 ·.

446 2070 520 2107 ead.
543 2067 568 2105 l.
597 2079 657 2118 13.
681 2063 772 2104 Τοὺς
798 2078 842 2103 τε
864 2062 1198 2115 Πελοποννησίους)
1222 2060 1320 2102 Cass'.
1344 2059 1404 2100 hic
1424 2057 1656 2113 adscriptum
1731 2091 1734 2114 1

389 2121 508 2162 habet
523 2118 723 2165 scholion,
743 2116 912 2164 ἐβούλετο
933 2115 1117 2158 θηλονότι.
1139 2115 1198 2156 Ita
1216 2113 1459 2156 accusativus
1476 2112 1563 2154 τοὺς
1585 2118 1659 2153 He-
1727 2115 1734 2123 ‘⁷

391 2173 650 2216 λοποννησίους
683 2172 744 2213 hic
780 2172 851 2212 erit
887 2184 960 2226 pro
991 2169 1266 2216 nominativo,
1299 2167 1409 2222 quasl
1437 2166 1558 2213 effet,
1590 2167 1658 2206 καὶ

390 2230 494 2270 ὅπως
516 2227 547 2268 οἱ
569 2221 847 2268 Πελοποννῆσιοι
869 2227 923 2277 μὴ
949 2223 1128 2266 ποιῶνται
1152 2222 1324 2265 ἔκπλους.
1354 2222 1462 2280 Haeg
1485 2219 1661 2261 constru-

390 2285 471 2326 &io
494 2279 728 2322 ufitatiffima
749 2279 804 2320 est
829 2293 918 2320 cum
943 2279 1071 2319 verbis
1091 2274 1208 2324 nisa,
1229 2276 1321 2330 ὁρῶ,
1344 2275 1558 2327 φοβουμοιι,
1581 2286 1660 2314 eo-

391 2349 559 2389 rumque
587 2334 846 2387 synonymis,
874 2334 986 2375 cuius
1017 2331 1136 2373 multa
1162 2329 1337 2384 exempla
1363 2326 1548 2387 congeffit
1573 2327 1660 2368 Ste-

394 2393 547 2447 phanus
571 2391 620 2428 ad
639 2388 776 2442 Script.
798 2388 844 2427 de
866 2387 969 2427 Dial.
989 2399 1073 2440 pag.
1102 2399 1163 2439 51.
1185 2385 1268 2424 Nec
1287 2394 1414 2423 tamen
1438 2382 1660 2434 intrequens
1724 2386 1725 2390 ’

394 2458 488 2487 cum
512 2443 604 2484 aliis.
632 2440 697 2481 De
727 2442 773 2481 λέ
806 2457 832 2479 ω
857 2442 900 2482 &
924 2440 1114 2495 ἀγγέλλω
1139 2438 1213 2478 vid.
1245 2449 1345 2491 quae
1370 2445 1530 2476 annotat
1551 2434 1661 2475 Gro-

393 2512 488 2544 nov.
511 2498 559 2539 ad
579 2496 734 2538 Arrian.
794 2495 838 2544 1,
863 2509 896 2536 1.
921 2493 1170 2547 Aristophan.
1196 2490 1294 2534 Plut.
1321 2491 1386 2546 56:
1411 2488 1460 2532 σὺ
1487 2487 1660 2543 προτερον
