1734 3158
350 203 410 263 i4
636 198 1318 250 THUCYDIDIS

346 301 500 356 κελιας
519 332 531 353 ,
566 298 649 356 τοῖς
679 301 872 350 τάκείνων
907 295 1133 370 ἑλομένοις,
1177 323 1276 358 ναυς
1309 295 1611 364 ἐπετάχθησαν

345 374 574 428 ποιεῖσθαι
587 396 713 428 κατα
726 371 933 471 μέγεθοςΝ
921 400 997 427 των
1017 375 1204 432 πόλεων,
1226 378 1303 435 ὡς,
1325 377 1366 434 ἒς
1383 401 1447 430 τον
1462 377 1612 430 πάντα

344 447 533 523 ἄριθμον,
553 456 837 505 πεντακοσίων
861 473 951 503 νεων
969 448 1179 520 ἐσομένων
1199 475 1279 503 και
1297 450 1487 547 αργυριον
1504 449 1612 526 ῥητον

346 527 599 598 ἑτοιμάζειν,
629 525 690 578 τοί
713 527 749 578 τ’
776 525 913 578 ἄλλα
936 527 1249 592 ἡσυχάζοντας,
1275 551 1354 580 και
1379 530 1612 590 Ἀθηναίους

344 600 607 690 δεχομένους
625 624 715 674 μια
749 596 828 663 vni,
864 625 939 662 εως
976 626 1029 656 αν
1058 625 1204 656 ταυτα
1233 605 1609 677 παρασκευασθῆ.

343 681 546 741 Ἀθηναιοι
569 669 615 730 ὃε
637 701 705 739 την
733 699 779 730 τε
805 677 1087 751 ὑπαρχουσαν
1111 681 1372 751 ξυμμαχίαν
1397 679 1608 744 ἐξήταζον,

343 778 423 809 και
443 758 482 814 ἐς
499 776 562 806 τα
579 776 673 827 περι
650 752 1007 815 Πελοποννησον
1023 756 1203 827 μαλλον
1214 762 1357 850 χωρία
1374 753 1610 828 ὲπρεσβευ-

343 855 449 887 οντο,
480 827 714 903 Κέρκυραν,
745 852 823 882 και
852 831 1191 893 Κεφαλληνίαν,
1217 853 1297 883 και
1322 832 1608 905 Ἀκαρνανας,

343 931 423 960 και
450 907 676 959 Ζακυνθον
666 905 883 995 ὁρωντες,
906 914 939 958 εἰ
959 912 1091 970 σφίσι
1117 912 1256 971 φίλια
1281 908 1403 960 ταῦτ’
1422 909 1499 968 εἴη,
1525 909 1610 970 βε-

343 986 488 1047 βοείοις
504 978 623 1054 πέριξ
640 1005 709 1042 την
727 981 1045 1043 Πελοποννησον
1056 981 1514 1071 καταπολεμησοντες.

419 1053 468 1119 η’.
495 1059 683 1123 Ολίγον
701 1079 757 1109 τε
783 1057 963 1112 ἐπενόουν
992 1050 1100 1112 obelet·
1125 1057 1383 1132 αμφοτεροι,
1409 1062 1524 1112 ἀλλ’
1548 1055 1610 1151 ερ-

345 1159 464 1209 ρωντο
492 1137 532 1192 ἐς
560 1157 625 1186 τον
650 1132 853 1204 πολεμον.
881 1137 955 1188 οὐκ
983 1133 1234 1194 απεικότως
1265 1156 1487 1232 αρχομενοι
1515 1156 1610 1203 ’γαρ

342 1233 525 1269 παντες,
548 1206 720 1294 ὀξύτερον
748 1210 1163 1281 αντιλαμβανονται.
1192 1233 1286 1263 τοτε
1312 1204 1361 1271 oin
1380 1233 1457 1263 και
1483 1210 1613 1271 νεότης

342 1281 494 1349 πολλῆ
511 1277 588 1358 μὶν
608 1281 748 1340 οὐσα’
737 1307 773 1339 εν
795 1309 842 1351 τη
820 1285 1203 1360 Πελοποννησῳ,
1222 1280 1374 1349 πολλη
1393 1287 1465 1339 δ”
1454 1309 1492 1341 εν
1516 1289 1611 1346 ταῖς

339 1434 556 1484 habebant,
579 1434 672 1476 alias
691 1433 807 1475 etiam
830 1447 952 1476 naves
971 1434 1106 1476 ltaliae
1132 1434 1176 1475 δι
1199 1433 1349 1476 Siciliae
1368 1432 1615 1484 civitatibus,

342 1519 446 1561 quae
470 1504 644 1560 ipsorum
671 1516 800 1560 partes
827 1504 1107 1560 sequebantur,
1127 1506 1390 1560 imperarunt,
1417 1517 1514 1560 quas
1535 1518 1610 1560 pro

338 1576 548 1618 civitatum
562 1574 826 1629 magnitudine
839 1574 1077 1616 conficerent
1087 1606 1099 1625 ,
1115 1575 1168 1615 ita
1185 1585 1229 1615 ut
1246 1572 1514 1615 universarum
1534 1586 1610 1615 nu·

337 1661 468 1689 merus
491 1647 533 1688 δι
556 1647 705 1688 summa
725 1645 817 1686 effer
834 1645 1135 1700 quingentarum
1158 1645 1319 1687 navium
1338 1661 1348 1686 ε
1369 1645 1465 1699 quin
1492 1646 1611 1687 etiam

335 1717 414 1758 illis
435 1717 675 1771 imperarunt
704 1708 850 1756 certam
878 1715 1067 1769 pecuniae
1089 1713 1278 1756 summam
1299 1727 1462 1769 parare;
1484 1725 1613 1757 cetera

336 1783 600 1840 quiescentes,
615 1782 660 1824 &
677 1782 933 1824 Athenienses
955 1783 1072 1824 unica
1097 1783 1192 1825 navi
1213 1793 1404 1824 venturos
1424 1784 1613 1839 recipien-

336 1865 396 1896 tes
405 1886 419 1906 ,
432 1855 557 1896 donec
573 1854 670 1895 haec
684 1854 821 1894 omnia
837 1852 955 1894 effent
967 1863 1111 1909 parata.
1131 1852 1387 1896 Athenienses
1405 1866 1506 1897 vero
1520 1867 1612 1895 cum

336 1923 518 1980 pristinos
539 1922 668 1965 socios
685 1922 956 1974 recensebant,
973 1934 1058 1964 tum
1078 1923 1196 1964 etiam
1218 1923 1433 1965 accuratius
1456 1924 1499 1963 in
1519 1923 1613 1965 loca

337 1995 439 2037 circa
458 1992 768 2049 Peloponnesum
799 1993 948 2048 legatos
977 1994 1202 2044 mittebant,
1228 1995 1269 2034 in
1296 1993 1546 2047 Corcyram,
1567 1995 1611 2036 in

337 2063 654 2120 Cephalleniam,
668 2064 708 2103 in
726 2063 1011 2114 Acarnaniam,
1031 2064 1074 2104 &
1097 2064 1366 2116 Zacynthum:
1390 2065 1483 2119 quia
1503 2065 1613 2106 vide·

337 2134 455 2185 bant,
475 2132 505 2174 fi
528 2133 625 2174 haec
648 2133 736 2175 loca
757 2133 827 2174 fibi
847 2133 966 2175 effent
995 2135 1139 2192 amica,
1158 2134 1196 2176 se
1221 2135 1344 2177 tutius
1370 2136 1474 2178 circa
1498 2135 1614 2184 Pelo-‚

336 2204 498 2261 ponnefi
519 2204 616 2246 fines
637 2205 782 2246 bellum
800 2204 874 2246 effe
892 2204 1080 2259 gesturos.

348 2313 352 2318 .
392 2277 503 2318 VIII.
530 2276 699 2331 Utrique
722 2287 853 2318 autem
877 2276 971 2317 nihil
994 2276 1110 2332 parvi
1130 2277 1267 2319 animis
1289 2277 1522 2329 versabant,
1546 2277 1610 2320 sed

338 2347 434 2390 totis
453 2347 601 2389 viribus
622 2348 663 2388 in
685 2347 761 2389 hoe
781 2347 925 2389 bellum
946 2348 1240 2391 incumbebant:
1265 2349 1382 2404 idque
1403 2361 1486 2389 non
1507 2349 1608 2390 iniu-

339 2419 408 2461 ria.
429 2419 580 2461 Omnes
601 2419 706 2460 enim
724 2418 907 2460 mortales
921 2432 1052 2460 rerum
1074 2419 1183 2460 initia
1204 2419 1398 2460 ardentius
1418 2417 1609 2474 capess'ere

341 2489 477 2545 solent.
500 2489 619 2533 Tunc
639 2501 738 2534 vero
757 2500 899 2543 magna
921 2488 1135 2534 iuventutis
1155 2488 1291 2543 copia,
1314 2500 1414 2543 quae
1434 2487 1477 2529 in
1495 2486 1608 2539 Pel92
