<?xml version="1.0" encoding="UTF-8"?>
<!DOCTYPE html PUBLIC "-//W3C//DTD XHTML 1.0 Transitional//EN"
    "http://www.w3.org/TR/xhtml1/DTD/xhtml1-transitional.dtd">
<html xmlns="http://www.w3.org/1999/xhtml" xml:lang="en" lang="en">
 <head>
  <title>
</title>
<meta http-equiv="Content-Type" content="text/html;charset=utf-8" />
  <meta name='ocr-system' content='tesseract 3.04.00' />
  <meta name='ocr-capabilities' content='ocr_page ocr_carea ocr_par ocr_line ocrx_word'/>
</head>
<body>
  <div class='ocr_page' id='page_1' title='image "./debellopeloponn02thucuoft_0148.png"; bbox 0 0 1734 3158; ppageno 0'>
   <div class='ocr_carea' id='block_1_1' title="bbox 358 215 1355 289">
    <p class='ocr_par' dir='ltr' id='par_1_1' title="bbox 358 215 1355 289">
     <span class='ocr_line' id='line_1_1' title="bbox 358 215 1355 289; baseline -0.001 -15"><span class='ocrx_word' id='word_1_1' title='bbox 358 224 449 289; x_wconf 84' lang='lat'>138</span> <span class='ocrx_word' id='word_1_2' title='bbox 644 215 1355 274; x_wconf 59' lang='lat' dir='ltr'>THUCYDIDISW</span> 
     </span>
    </p>
   </div>
   <div class='ocr_carea' id='block_1_2' title="bbox 346 311 1620 1457">
    <p class='ocr_par' dir='ltr' id='par_1_2' title="bbox 346 311 1620 1296">
     <span class='ocr_line' id='line_1_2' title="bbox 351 311 1620 392; baseline 0 -22"><span class='ocrx_word' id='word_1_3' title='bbox 351 339 431 370; x_wconf 81' lang='grc' dir='ltr'>και</span> <span class='ocrx_word' id='word_1_4' title='bbox 446 313 538 376; x_wconf 62' lang='grc' dir='ltr'>τους</span> <span class='ocrx_word' id='word_1_5' title='bbox 559 316 792 378; x_wconf 43' lang='grc' dir='ltr'><em>ΜΑθηναιους</em></span> <span class='ocrx_word' id='word_1_6' title='bbox 812 316 921 371; x_wconf 61' lang='grc' dir='ltr'><em>εἶδον.</em></span> <span class='ocrx_word' id='word_1_7' title='bbox 943 342 1020 370; x_wconf 80' lang='grc' dir='ltr'>και</span> <span class='ocrx_word' id='word_1_8' title='bbox 1037 316 1107 371; x_wconf 75' lang='grc' dir='ltr'>ἐπι</span> <span class='ocrx_word' id='word_1_9' title='bbox 1123 342 1198 390; x_wconf 80' lang='grc' dir='ltr'>μεν</span> <span class='ocrx_word' id='word_1_10' title='bbox 1221 311 1307 382; x_wconf 69' lang='grc' dir='ltr'>ἓξ</span> <span class='ocrx_word' id='word_1_11' title='bbox 1285 344 1306 380; x_wconf 81' lang='grc' dir='ltr'><em>η</em></span> <span class='ocrx_word' id='word_1_12' title='bbox 1328 313 1444 371; x_wconf 79' lang='grc' dir='ltr'>ἑπτα</span> <span class='ocrx_word' id='word_1_13' title='bbox 1464 314 1620 392; x_wconf 65' lang='grc' dir='ltr'><em>ἡμέρας</em></span> 
     </span>
     <span class='ocr_line' id='line_1_3' title="bbox 349 392 1615 486; baseline 0 -40"><span class='ocrx_word' id='word_1_14' title='bbox 349 392 580 486; x_wconf 71' lang='grc' dir='ltr'><em>ἀνθωρμουν</em></span> <span class='ocrx_word' id='word_1_15' title='bbox 598 392 834 456; x_wconf 73' lang='grc' dir='ltr'><em>ἀλληλοις,</em></span> <span class='ocrx_word' id='word_1_16' title='bbox 849 392 1107 464; x_wconf 79' lang='grc' dir='ltr'><em>μελετωντές</em></span> <span class='ocrx_word' id='word_1_17' title='bbox 1122 418 1166 447; x_wconf 79' lang='grc' dir='ltr'>τε</span> <span class='ocrx_word' id='word_1_18' title='bbox 1187 419 1263 447; x_wconf 80' lang='grc' dir='ltr'>και</span> <span class='ocrx_word' id='word_1_19' title='bbox 1283 394 1615 486; x_wconf 71' lang='grc' dir='ltr'><em>παρασκευαζο-</em></span> 
     </span>
     <span class='ocr_line' id='line_1_4' title="bbox 351 468 1614 563; baseline 0 -40"><span class='ocrx_word' id='word_1_20' title='bbox 351 491 464 541; x_wconf 78' lang='grc' dir='ltr'><em>μενοι</em></span> <span class='ocrx_word' id='word_1_21' title='bbox 487 493 555 532; x_wconf 81' lang='grc' dir='ltr'>την</span> <span class='ocrx_word' id='word_1_22' title='bbox 581 476 844 541; x_wconf 32' lang='grc' dir='ltr'><em>ναυμαχιῃαν</em></span> <span class='ocrx_word' id='word_1_23' title='bbox 871 492 1042 563; x_wconf 65' lang='grc' dir='ltr'><em>γνωμην</em></span> <span class='ocrx_word' id='word_1_24' title='bbox 1068 468 1253 536; x_wconf 66' lang='grc' dir='ltr'><em>ἔχοντες,</em></span> <span class='ocrx_word' id='word_1_25' title='bbox 1275 477 1310 523; x_wconf 83' lang='grc' dir='ltr'>οἱ</span> <span class='ocrx_word' id='word_1_26' title='bbox 1332 493 1430 541; x_wconf 81' lang='grc' dir='ltr'><em>μεν,</em></span> <span class='ocrx_word' id='word_1_27' title='bbox 1456 495 1519 542; x_wconf 83' lang='grc' dir='ltr'>μη</span> <span class='ocrx_word' id='word_1_28' title='bbox 1543 473 1614 523; x_wconf 76' lang='grc' dir='ltr'>ὲκ-</span> 
     </span>
     <span class='ocr_line' id='line_1_5' title="bbox 349 542 1614 621; baseline -0.002 -21"><span class='ocrx_word' id='word_1_29' title='bbox 349 547 478 600; x_wconf 73' lang='grc' dir='ltr'><em>πλειν</em></span> <span class='ocrx_word' id='word_1_30' title='bbox 500 542 580 610; x_wconf 74' lang='grc' dir='ltr'>ἔξω</span> <span class='ocrx_word' id='word_1_31' title='bbox 599 570 679 599; x_wconf 88' lang='grc' dir='ltr'>των</span> <span class='ocrx_word' id='word_1_32' title='bbox 699 546 849 599; x_wconf 88' lang='grc' dir='ltr'><em>Ρίων’</em></span> <span class='ocrx_word' id='word_1_33' title='bbox 838 569 877 604; x_wconf 78' lang='grc' dir='ltr'>ες</span> <span class='ocrx_word' id='word_1_34' title='bbox 899 571 967 607; x_wconf 83' lang='grc' dir='ltr'>την</span> <span class='ocrx_word' id='word_1_35' title='bbox 991 550 1256 621; x_wconf 74' lang='grc' dir='ltr'>εὐρυχωρίαν,</span> <span class='ocrx_word' id='word_1_36' title='bbox 1286 545 1542 617; x_wconf 76' lang='grc' dir='ltr'><em>φοβουμενοι</em></span> <span class='ocrx_word' id='word_1_37' title='bbox 1566 570 1614 599; x_wconf 87' lang='grc' dir='ltr'>το</span> 
     </span>
     <span class='ocr_line' id='line_1_6' title="bbox 351 614 1611 715; baseline 0 -40"><span class='ocrx_word' id='word_1_38' title='bbox 351 621 565 715; x_wconf 71' lang='grc' dir='ltr'><em>πρὸτερον</em></span> <span class='ocrx_word' id='word_1_39' title='bbox 558 621 706 680; x_wconf 69' lang='grc' dir='ltr'><em>πάθος</em></span> <span class='ocrx_word' id='word_1_40' title='bbox 735 628 770 674; x_wconf 84' lang='grc' dir='ltr'>οἱ</span> <span class='ocrx_word' id='word_1_41' title='bbox 795 614 862 677; x_wconf 68' lang='grc' dir='ltr'>δε,</span> <span class='ocrx_word' id='word_1_42' title='bbox 892 647 956 691; x_wconf 87' lang='grc' dir='ltr'>μη</span> <span class='ocrx_word' id='word_1_43' title='bbox 982 626 1156 676; x_wconf 76' lang='grc' dir='ltr'><em>ὲσπλειν</em></span> <span class='ocrx_word' id='word_1_44' title='bbox 1181 626 1221 684; x_wconf 76' lang='grc' dir='ltr'>ἐς</span> <span class='ocrx_word' id='word_1_45' title='bbox 1247 647 1306 675; x_wconf 87' lang='grc' dir='ltr'>τα</span> <span class='ocrx_word' id='word_1_46' title='bbox 1325 620 1476 679; x_wconf 49' lang='lat' dir='ltr'>werbe«,</span> <span class='ocrx_word' id='word_1_47' title='bbox 1499 628 1611 692; x_wconf 64' lang='lat' dir='ltr'>wopel—</span> 
     </span>
     <span class='ocr_line' id='line_1_7' title="bbox 347 696 1612 772; baseline 0 -22"><span class='ocrx_word' id='word_1_48' title='bbox 347 702 478 764; x_wconf 67' lang='grc' dir='ltr'><em>ζον-τες</em></span> <span class='ocrx_word' id='word_1_49' title='bbox 492 722 591 772; x_wconf 79' lang='grc' dir='ltr'><em>προς</em></span> <span class='ocrx_word' id='word_1_50' title='bbox 611 700 767 751; x_wconf 72' lang='grc' dir='ltr'><em>ἐκείνων</em></span> <span class='ocrx_word' id='word_1_51' title='bbox 786 698 887 750; x_wconf 75' lang='grc' dir='ltr'><em>εἶναι</em></span> <span class='ocrx_word' id='word_1_52' title='bbox 909 723 978 759; x_wconf 86' lang='grc' dir='ltr'>την</span> <span class='ocrx_word' id='word_1_53' title='bbox 996 701 1033 751; x_wconf 76' lang='grc' dir='ltr'>ἐν</span> <span class='ocrx_word' id='word_1_54' title='bbox 1050 705 1192 771; x_wconf 74' lang='grc' dir='ltr'><em>ὀλίγῳ</em></span> <span class='ocrx_word' id='word_1_55' title='bbox 1215 705 1478 769; x_wconf 88' lang='grc' dir='ltr'><em>ναυμαχίαν.</em></span> <span class='ocrx_word' id='word_1_56' title='bbox 1496 696 1612 751; x_wconf 67' lang='grc' dir='ltr'>ἔπει-</span> 
     </span>
     <span class='ocr_line' id='line_1_8' title="bbox 349 773 1611 847; baseline -0.001 -20"><span class='ocrx_word' id='word_1_57' title='bbox 349 797 410 827; x_wconf 70' lang='grc' dir='ltr'>τα</span> <span class='ocrx_word' id='word_1_58' title='bbox 431 778 449 826; x_wconf 83' lang='grc' dir='ltr'><strong><em>ὁ</em></strong></span> <span class='ocrx_word' id='word_1_59' title='bbox 471 773 639 846; x_wconf 80' lang='grc' dir='ltr'><em>Κνημος</em></span> <span class='ocrx_word' id='word_1_60' title='bbox 659 796 736 825; x_wconf 78' lang='grc' dir='ltr'>και</span> <span class='ocrx_word' id='word_1_61' title='bbox 760 778 779 825; x_wconf 83' lang='grc' dir='ltr'><strong><em>ὁ</em></strong></span> <span class='ocrx_word' id='word_1_62' title='bbox 801 774 1039 847; x_wconf 66' lang='grc' dir='ltr'><em>Βρασίδας,</em></span> <span class='ocrx_word' id='word_1_63' title='bbox 1057 797 1134 826; x_wconf 78' lang='grc' dir='ltr'>και</span> <span class='ocrx_word' id='word_1_64' title='bbox 1157 781 1192 827; x_wconf 81' lang='grc' dir='ltr'>οἱ</span> <span class='ocrx_word' id='word_1_65' title='bbox 1212 774 1348 827; x_wconf 64' lang='grc' dir='ltr'><em>ἄλλοι</em></span> <span class='ocrx_word' id='word_1_66' title='bbox 1365 799 1442 828; x_wconf 86' lang='grc' dir='ltr'>των</span> <span class='ocrx_word' id='word_1_67' title='bbox 1457 775 1611 826; x_wconf 76' lang='grc' dir='ltr'>Πελο-</span> 
     </span>
     <span class='ocr_line' id='line_1_9' title="bbox 348 849 1611 923; baseline -0.002 -19"><span class='ocrx_word' id='word_1_68' title='bbox 348 856 568 912; x_wconf 75' lang='grc' dir='ltr'><em>ποννησίων</em></span> <span class='ocrx_word' id='word_1_69' title='bbox 592 873 845 923; x_wconf 69' lang='grc' dir='ltr'><em>στρατηγοί,</em></span> <span class='ocrx_word' id='word_1_70' title='bbox 864 849 1148 922; x_wconf 75' lang='grc' dir='ltr'><em>βουλομενοι’</em></span> <span class='ocrx_word' id='word_1_71' title='bbox 1137 873 1173 903; x_wconf 84' lang='grc' dir='ltr'>εν</span> <span class='ocrx_word' id='word_1_72' title='bbox 1197 874 1328 915; x_wconf 66' lang='grc' dir='ltr'><em>ταχεί</em></span> <span class='ocrx_word' id='word_1_73' title='bbox 1346 874 1415 912; x_wconf 83' lang='grc' dir='ltr'>την</span> <span class='ocrx_word' id='word_1_74' title='bbox 1439 873 1611 920; x_wconf 82' lang='grc' dir='ltr'><em>ναυμα-</em></span> 
     </span>
     <span class='ocr_line' id='line_1_10' title="bbox 346 925 1612 999; baseline 0.001 -21"><span class='ocrx_word' id='word_1_75' title='bbox 346 933 454 994; x_wconf 81' lang='grc' dir='ltr'><em>χίαν</em></span> <span class='ocrx_word' id='word_1_76' title='bbox 473 949 669 988; x_wconf 74' lang='grc' dir='ltr'><em>ποιησαι,</em></span> <span class='ocrx_word' id='word_1_77' title='bbox 690 932 780 999; x_wconf 78' lang='grc' dir='ltr'><em>πρίν</em></span> <span class='ocrx_word' id='word_1_78' title='bbox 799 951 838 978; x_wconf 79' lang='grc' dir='ltr'>τι</span> <span class='ocrx_word' id='word_1_79' title='bbox 857 949 936 978; x_wconf 79' lang='grc' dir='ltr'>και</span> <span class='ocrx_word' id='word_1_80' title='bbox 952 949 1043 979; x_wconf 63' lang='lat' dir='ltr'>awo</span> <span class='ocrx_word' id='word_1_81' title='bbox 1059 950 1138 979; x_wconf 86' lang='grc' dir='ltr'>των</span> <span class='ocrx_word' id='word_1_82' title='bbox 1154 927 1371 988; x_wconf 79' lang='grc' dir='ltr'><em>Ἀθηναίων</em></span> <span class='ocrx_word' id='word_1_83' title='bbox 1390 925 1612 988; x_wconf 72' lang='grc' dir='ltr'>ἐπιβοηθη-</span> 
     </span>
     <span class='ocr_line' id='line_1_11' title="bbox 347 1002 1610 1094; baseline 0 -39"><span class='ocrx_word' id='word_1_84' title='bbox 347 1025 450 1059; x_wconf 81' lang='grc' dir='ltr'><em>σ-αι,</em></span> <span class='ocrx_word' id='word_1_85' title='bbox 475 1002 764 1067; x_wconf 59' lang='lat' dir='ltr'>{oranaim-av</span> <span class='ocrx_word' id='word_1_86' title='bbox 785 1027 876 1061; x_wconf 81' lang='grc' dir='ltr'><em>τους</em></span> <span class='ocrx_word' id='word_1_87' title='bbox 901 1026 1164 1094; x_wconf 74' lang='grc' dir='ltr'><em>στρατιωτας</em></span> <span class='ocrx_word' id='word_1_88' title='bbox 1185 1027 1364 1094; x_wconf 73' lang='grc' dir='ltr'><em>πρωτον,</em></span> <span class='ocrx_word' id='word_1_89' title='bbox 1391 1026 1468 1055; x_wconf 82' lang='grc' dir='ltr'>και</span> <span class='ocrx_word' id='word_1_90' title='bbox 1493 1002 1610 1075; x_wconf 86' lang='grc' dir='ltr'><em>ὁρων-</em></span> 
     </span>
     <span class='ocr_line' id='line_1_12' title="bbox 347 1071 1610 1153; baseline -0.001 -21"><span class='ocrx_word' id='word_1_91' title='bbox 347 1101 416 1138; x_wconf 79' lang='grc' dir='ltr'>τες</span> <span class='ocrx_word' id='word_1_92' title='bbox 431 1078 566 1132; x_wconf 79' lang='grc' dir='ltr'><em>αὐτων</em></span> <span class='ocrx_word' id='word_1_93' title='bbox 578 1103 670 1138; x_wconf 83' lang='grc' dir='ltr'><em>τους</em></span> <span class='ocrx_word' id='word_1_94' title='bbox 688 1074 880 1138; x_wconf 77' lang='grc' dir='ltr'><em>πολλους</em></span> <span class='ocrx_word' id='word_1_95' title='bbox 902 1073 1031 1131; x_wconf 66' lang='grc' dir='ltr'>δια</span> <span class='ocrx_word' id='word_1_96' title='bbox 988 1104 1057 1141; x_wconf 82' lang='grc' dir='ltr'>την</span> <span class='ocrx_word' id='word_1_97' title='bbox 1075 1071 1270 1153; x_wconf 65' lang='grc' dir='ltr'><em>προτέραν</em></span> <span class='ocrx_word' id='word_1_98' title='bbox 1290 1085 1429 1140; x_wconf 71' lang='grc' dir='ltr'><em>ἧσο-αν</em></span> <span class='ocrx_word' id='word_1_99' title='bbox 1441 1080 1610 1143; x_wconf 73' lang='grc' dir='ltr'><em>Φοβου-</em></span> 
     </span>
     <span class='ocr_line' id='line_1_13' title="bbox 348 1150 1611 1230; baseline -0.002 -22"><span class='ocrx_word' id='word_1_100' title='bbox 348 1153 512 1227; x_wconf 79' lang='grc' dir='ltr'><em>μένους,</em></span> <span class='ocrx_word' id='word_1_101' title='bbox 533 1178 610 1207; x_wconf 78' lang='grc' dir='ltr'>και</span> <span class='ocrx_word' id='word_1_102' title='bbox 631 1158 675 1208; x_wconf 82' lang='grc' dir='ltr'>οὐ</span> <span class='ocrx_word' id='word_1_103' title='bbox 696 1152 978 1229; x_wconf 75' lang='grc' dir='ltr'><em>προθυμους’</em></span> <span class='ocrx_word' id='word_1_104' title='bbox 949 1178 1090 1215; x_wconf 80' lang='grc' dir='ltr'><em>σντας,</em></span> <span class='ocrx_word' id='word_1_105' title='bbox 1115 1153 1506 1230; x_wconf 74' lang='grc' dir='ltr'><em>παρεκελευσαντο,</em></span> <span class='ocrx_word' id='word_1_106' title='bbox 1533 1150 1611 1208; x_wconf 80' lang='grc' dir='ltr'>και</span> 
     </span>
     <span class='ocr_line' id='line_1_14' title="bbox 346 1228 672 1296; baseline -0.01 -10"><span class='ocrx_word' id='word_1_107' title='bbox 346 1228 497 1296; x_wconf 71' lang='grc' dir='ltr'><em>ἔλεξαν</em></span> <span class='ocrx_word' id='word_1_108' title='bbox 521 1231 672 1284; x_wconf 61' lang='grc' dir='ltr'>τοιαδὶ.</span> 
     </span>
    </p>

    <p class='ocr_par' dir='ltr' id='par_1_3' title="bbox 346 1300 1608 1457">
     <span class='ocr_line' id='line_1_15' title="bbox 422 1300 1608 1398; baseline -0.003 -38"><span class='ocrx_word' id='word_1_109' title='bbox 422 1300 516 1371; x_wconf 72' lang='grc' dir='ltr'>πζ.</span> <span class='ocrx_word' id='word_1_110' title='bbox 545 1307 605 1360; x_wconf 90' lang='lat' dir='ltr'>H</span> <span class='ocrx_word' id='word_1_111' title='bbox 627 1324 746 1361; x_wconf 89' lang='lat' dir='ltr'>MEN</span> <span class='ocrx_word' id='word_1_112' title='bbox 763 1302 958 1376; x_wconf 62' lang='grc' dir='ltr'><em>γενομένη</em></span> <span class='ocrx_word' id='word_1_113' title='bbox 970 1312 1236 1398; x_wconf 78' lang='grc' dir='ltr'><em>ναυμαχία,</em></span> <span class='ocrx_word' id='word_1_114' title='bbox 1259 1333 1292 1359; x_wconf 88' lang='grc' dir='ltr'><em>ω</em></span> <span class='ocrx_word' id='word_1_115' title='bbox 1272 1302 1443 1397; x_wconf 63' lang='grc' dir='ltr'><em>ἀνδρες</em></span> <span class='ocrx_word' id='word_1_116' title='bbox 1455 1307 1608 1359; x_wconf 75' lang='grc' dir='ltr'>Πελο-</span> 
     </span>
     <span class='ocr_line' id='line_1_16' title="bbox 346 1377 1607 1457; baseline -0.001 -21"><span class='ocrx_word' id='word_1_117' title='bbox 346 1407 570 1445; x_wconf 63' lang='lat' dir='ltr'>nomano-coc,</span> <span class='ocrx_word' id='word_1_118' title='bbox 596 1386 688 1443; x_wconf 60' lang='lat' dir='ltr'>eiras</span> <span class='ocrx_word' id='word_1_119' title='bbox 707 1406 796 1457; x_wconf 87' lang='grc' dir='ltr'>αρα</span> <span class='ocrx_word' id='word_1_120' title='bbox 817 1384 863 1435; x_wconf 66' lang='lat' dir='ltr'>dl</span> <span class='ocrx_word' id='word_1_121' title='bbox 886 1377 1012 1445; x_wconf 80' lang='grc' dir='ltr'><em>αὐτην</em></span> <span class='ocrx_word' id='word_1_122' title='bbox 1030 1383 1145 1456; x_wconf 79' lang='grc' dir='ltr'><em>ὑμων</em></span> <span class='ocrx_word' id='word_1_123' title='bbox 1164 1385 1372 1448; x_wconf 74' lang='grc' dir='ltr'>φοβεῖται</span> <span class='ocrx_word' id='word_1_124' title='bbox 1400 1407 1469 1445; x_wconf 86' lang='grc' dir='ltr'>την</span> <span class='ocrx_word' id='word_1_125' title='bbox 1492 1396 1607 1455; x_wconf 78' lang='grc' dir='ltr'>μελ-</span> 
     </span>
    </p>
   </div>
   <div class='ocr_carea' id='block_1_3' title="bbox 341 1529 1613 2076">
    <p class='ocr_par' dir='ltr' id='par_1_4' title="bbox 341 1529 1613 2076">
     <span class='ocr_line' id='line_1_17' title="bbox 344 1529 1609 1587; baseline -0.001 -16"><span class='ocrx_word' id='word_1_126' title='bbox 344 1530 430 1585; x_wconf 89' lang='lat' dir='ltr'>piae</span> <span class='ocrx_word' id='word_1_127' title='bbox 442 1561 455 1581; x_wconf 93' lang='lat'><strong>,</strong></span> <span class='ocrx_word' id='word_1_128' title='bbox 476 1530 519 1571; x_wconf 90' lang='lat'>&amp;</span> <span class='ocrx_word' id='word_1_129' title='bbox 540 1529 632 1586; x_wconf 85' lang='lat' dir='ltr'>ipsi,</span> <span class='ocrx_word' id='word_1_130' title='bbox 651 1529 858 1585; x_wconf 87' lang='lat' dir='ltr'>postquam</span> <span class='ocrx_word' id='word_1_131' title='bbox 878 1530 1183 1572; x_wconf 80' lang='lat' dir='ltr'>&amp;Athenienses</span> <span class='ocrx_word' id='word_1_132' title='bbox 1196 1529 1480 1587; x_wconf 84' lang='lat' dir='ltr'>conspexerunt</span> <span class='ocrx_word' id='word_1_133' title='bbox 1492 1561 1505 1581; x_wconf 91' lang='lat'><strong>,</strong></span> <span class='ocrx_word' id='word_1_134' title='bbox 1519 1543 1609 1571; x_wconf 85' lang='lat' dir='ltr'>cum</span> 
     </span>
     <span class='ocr_line' id='line_1_18' title="bbox 345 1600 1613 1658; baseline -0.001 -15"><span class='ocrx_word' id='word_1_135' title='bbox 345 1601 489 1657; x_wconf 88' lang='lat' dir='ltr'>septem</span> <span class='ocrx_word' id='word_1_136' title='bbox 509 1601 552 1643; x_wconf 88' lang='lat'>&amp;</span> <span class='ocrx_word' id='word_1_137' title='bbox 568 1600 807 1657; x_wconf 85' lang='lat' dir='ltr'>septuaginta</span> <span class='ocrx_word' id='word_1_138' title='bbox 825 1602 994 1644; x_wconf 86' lang='lat' dir='ltr'>navibus</span> <span class='ocrx_word' id='word_1_139' title='bbox 1016 1602 1163 1658; x_wconf 77' lang='lat' dir='ltr'>appulsi</span> <span class='ocrx_word' id='word_1_140' title='bbox 1185 1602 1303 1645; x_wconf 87' lang='lat' dir='ltr'>castra</span> <span class='ocrx_word' id='word_1_141' title='bbox 1323 1602 1544 1658; x_wconf 77' lang='lat' dir='ltr'>posuerunt.</span> <span class='ocrx_word' id='word_1_142' title='bbox 1563 1601 1613 1642; x_wconf 91' lang='lat' dir='ltr'>Et</span> 
     </span>
     <span class='ocr_line' id='line_1_19' title="bbox 344 1671 1610 1729; baseline -0.002 -15"><span class='ocrx_word' id='word_1_143' title='bbox 344 1686 414 1728; x_wconf 90' lang='lat' dir='ltr'>per</span> <span class='ocrx_word' id='word_1_144' title='bbox 439 1672 504 1714; x_wconf 85' lang='lat' dir='ltr'>sex</span> <span class='ocrx_word' id='word_1_145' title='bbox 522 1671 718 1729; x_wconf 87' lang='lat' dir='ltr'>septemve</span> <span class='ocrx_word' id='word_1_146' title='bbox 735 1673 814 1714; x_wconf 88' lang='lat' dir='ltr'>dies</span> <span class='ocrx_word' id='word_1_147' title='bbox 834 1671 1010 1714; x_wconf 88' lang='lat' dir='ltr'>adversas</span> <span class='ocrx_word' id='word_1_148' title='bbox 1029 1671 1209 1714; x_wconf 87' lang='lat' dir='ltr'>stationes</span> <span class='ocrx_word' id='word_1_149' title='bbox 1233 1672 1477 1722; x_wconf 87' lang='lat' dir='ltr'>habuerunt,</span> <span class='ocrx_word' id='word_1_150' title='bbox 1497 1683 1610 1726; x_wconf 91' lang='lat' dir='ltr'>proe-</span> 
     </span>
     <span class='ocr_line' id='line_1_20' title="bbox 342 1740 1608 1797; baseline -0.002 -14"><span class='ocrx_word' id='word_1_151' title='bbox 342 1742 441 1783; x_wconf 89' lang='lat' dir='ltr'>lium</span> <span class='ocrx_word' id='word_1_152' title='bbox 464 1742 603 1784; x_wconf 90' lang='lat' dir='ltr'>navale</span> <span class='ocrx_word' id='word_1_153' title='bbox 629 1742 856 1783; x_wconf 85' lang='lat' dir='ltr'>meditantes</span> <span class='ocrx_word' id='word_1_154' title='bbox 885 1755 930 1783; x_wconf 92' lang='lat' dir='ltr'>ac</span> <span class='ocrx_word' id='word_1_155' title='bbox 959 1753 1244 1797; x_wconf 84' lang='lat' dir='ltr'>praeparantes.</span> <span class='ocrx_word' id='word_1_156' title='bbox 1275 1742 1336 1783; x_wconf 89' lang='lat' dir='ltr'>Eo</span> <span class='ocrx_word' id='word_1_157' title='bbox 1359 1740 1543 1790; x_wconf 75' lang='lat' dir='ltr'>consilio,</span> <span class='ocrx_word' id='word_1_158' title='bbox 1567 1740 1608 1780; x_wconf 90' lang='lat' dir='ltr'>hi</span> 
     </span>
     <span class='ocr_line' id='line_1_21' title="bbox 342 1810 1608 1867; baseline -0.001 -15"><span class='ocrx_word' id='word_1_159' title='bbox 342 1811 498 1866; x_wconf 89' lang='lat' dir='ltr'>quidem</span> <span class='ocrx_word' id='word_1_160' title='bbox 511 1843 523 1863; x_wconf 92' lang='lat'>‚</span> <span class='ocrx_word' id='word_1_161' title='bbox 546 1811 654 1867; x_wconf 88' lang='lat' dir='ltr'>quod</span> <span class='ocrx_word' id='word_1_162' title='bbox 684 1822 792 1855; x_wconf 86' lang='lat' dir='ltr'>extra</span> <span class='ocrx_word' id='word_1_163' title='bbox 820 1811 914 1853; x_wconf 89' lang='lat' dir='ltr'>haec</span> <span class='ocrx_word' id='word_1_164' title='bbox 936 1811 1037 1852; x_wconf 88' lang='lat' dir='ltr'>Rhia</span> <span class='ocrx_word' id='word_1_165' title='bbox 1062 1813 1101 1852; x_wconf 91' lang='lat' dir='ltr'>in</span> <span class='ocrx_word' id='word_1_166' title='bbox 1130 1811 1254 1853; x_wconf 88' lang='lat' dir='ltr'>latum</span> <span class='ocrx_word' id='word_1_167' title='bbox 1289 1824 1395 1852; x_wconf 85' lang='lat' dir='ltr'>mare</span> <span class='ocrx_word' id='word_1_168' title='bbox 1425 1810 1608 1866; x_wconf 85' lang='lat' dir='ltr'>progredi</span> 
     </span>
     <span class='ocr_line' id='line_1_22' title="bbox 342 1880 1609 1937; baseline 0 -16"><span class='ocrx_word' id='word_1_169' title='bbox 342 1893 424 1922; x_wconf 91' lang='lat' dir='ltr'>non</span> <span class='ocrx_word' id='word_1_170' title='bbox 447 1881 657 1931; x_wconf 88' lang='lat' dir='ltr'>auderent,</span> <span class='ocrx_word' id='word_1_171' title='bbox 688 1880 887 1937; x_wconf 89' lang='lat' dir='ltr'>superiore</span> <span class='ocrx_word' id='word_1_172' title='bbox 915 1881 1020 1923; x_wconf 87' lang='lat' dir='ltr'>clade</span> <span class='ocrx_word' id='word_1_173' title='bbox 1045 1882 1189 1926; x_wconf 80' lang='lat' dir='ltr'>territi:</span> <span class='ocrx_word' id='word_1_174' title='bbox 1215 1882 1270 1923; x_wconf 91' lang='lat' dir='ltr'>illi</span> <span class='ocrx_word' id='word_1_175' title='bbox 1296 1895 1420 1932; x_wconf 88' lang='lat' dir='ltr'>vero,</span> <span class='ocrx_word' id='word_1_176' title='bbox 1439 1881 1547 1936; x_wconf 89' lang='lat' dir='ltr'>quod</span> <span class='ocrx_word' id='word_1_177' title='bbox 1567 1881 1609 1921; x_wconf 89' lang='lat' dir='ltr'>in</span> 
     </span>
     <span class='ocr_line' id='line_1_23' title="bbox 343 1949 1609 2010; baseline 0 -19"><span class='ocrx_word' id='word_1_178' title='bbox 343 1950 535 2005; x_wconf 85' lang='lat' dir='ltr'>angustias</span> <span class='ocrx_word' id='word_1_179' title='bbox 555 1951 702 2006; x_wconf 86' lang='lat' dir='ltr'>ingredi</span> <span class='ocrx_word' id='word_1_180' title='bbox 725 1950 873 1992; x_wconf 90' lang='lat' dir='ltr'>nollent</span> <span class='ocrx_word' id='word_1_181' title='bbox 886 1982 899 2002; x_wconf 89' lang='lat'><strong>,</strong></span> <span class='ocrx_word' id='word_1_182' title='bbox 922 1952 1015 2010; x_wconf 67' lang='lat' dir='ltr'>quia</span> <span class='ocrx_word' id='word_1_183' title='bbox 1035 1951 1303 1993; x_wconf 82' lang='lat' dir='ltr'>existimabant</span> <span class='ocrx_word' id='word_1_184' title='bbox 1320 1964 1394 2006; x_wconf 91' lang='lat' dir='ltr'>pro</span> <span class='ocrx_word' id='word_1_185' title='bbox 1418 1950 1492 1991; x_wconf 90' lang='lat' dir='ltr'>illis</span> <span class='ocrx_word' id='word_1_186' title='bbox 1507 1949 1609 1991; x_wconf 83' lang='lat' dir='ltr'>faee-</span> 
     </span>
     <span class='ocr_line' id='line_1_24' title="bbox 341 2019 1610 2076; baseline 0.001 -14"><span class='ocrx_word' id='word_1_187' title='bbox 341 2034 408 2071; x_wconf 90' lang='lat' dir='ltr'>re,</span> <span class='ocrx_word' id='word_1_188' title='bbox 426 2021 617 2076; x_wconf 87' lang='lat' dir='ltr'>proelium</span> <span class='ocrx_word' id='word_1_189' title='bbox 640 2021 681 2060; x_wconf 87' lang='lat' dir='ltr'>in</span> <span class='ocrx_word' id='word_1_190' title='bbox 702 2019 884 2074; x_wconf 85' lang='lat' dir='ltr'>angustiis</span> <span class='ocrx_word' id='word_1_191' title='bbox 904 2023 1110 2063; x_wconf 85' lang='lat' dir='ltr'>committi.</span> <span class='ocrx_word' id='word_1_192' title='bbox 1136 2021 1289 2062; x_wconf 87' lang='lat' dir='ltr'>Deinde</span> <span class='ocrx_word' id='word_1_193' title='bbox 1307 2021 1497 2072; x_wconf 85' lang='lat' dir='ltr'>Cnemus,</span> <span class='ocrx_word' id='word_1_194' title='bbox 1514 2021 1610 2063; x_wconf 84' lang='lat' dir='ltr'>Bra·</span> 
     </span>
    </p>
   </div>
   <div class='ocr_carea' id='block_1_4' title="bbox 343 2089 1681 2147">
    <p class='ocr_par' dir='ltr' id='par_1_5' title="bbox 343 2089 1681 2147">
     <span class='ocr_line' id='line_1_25' title="bbox 343 2089 1681 2147; baseline 0.001 -15"><span class='ocrx_word' id='word_1_195' title='bbox 343 2089 439 2132; x_wconf 86' lang='lat' dir='ltr'>fidas</span> <span class='ocrx_word' id='word_1_196' title='bbox 454 2122 466 2140; x_wconf 94' lang='lat'>,</span> <span class='ocrx_word' id='word_1_197' title='bbox 498 2090 695 2145; x_wconf 88' lang='lat' dir='ltr'>ceterique</span> <span class='ocrx_word' id='word_1_198' title='bbox 720 2089 1091 2146; x_wconf 75' lang='lat' dir='ltr'>Peloponnesiorum</span> <span class='ocrx_word' id='word_1_199' title='bbox 1120 2092 1260 2141; x_wconf 85' lang='lat' dir='ltr'>duces,</span> <span class='ocrx_word' id='word_1_200' title='bbox 1292 2105 1384 2134; x_wconf 88' lang='lat' dir='ltr'>cum</span> <span class='ocrx_word' id='word_1_201' title='bbox 1417 2091 1609 2147; x_wconf 87' lang='lat' dir='ltr'>proelium</span> <span class='ocrx_word' id='word_1_202' title='bbox 1677 2121 1681 2126; x_wconf 36' lang='grc' dir='ltr'><em>ψ</em></span> 
     </span>
    </p>
   </div>
   <div class='ocr_carea' id='block_1_5' title="bbox 340 2161 1609 2289">
    <p class='ocr_par' dir='ltr' id='par_1_6' title="bbox 340 2161 1609 2289">
     <span class='ocr_line' id='line_1_26' title="bbox 340 2161 1608 2218; baseline 0.002 -16"><span class='ocrx_word' id='word_1_203' title='bbox 340 2162 481 2203; x_wconf 83' lang='lat' dir='ltr'>navale</span> <span class='ocrx_word' id='word_1_204' title='bbox 501 2161 815 2217; x_wconf 54' lang='lat' dir='ltr'>primo³quoque</span> <span class='ocrx_word' id='word_1_205' title='bbox 834 2173 1011 2218; x_wconf 89' lang='lat' dir='ltr'>tempore</span> <span class='ocrx_word' id='word_1_206' title='bbox 1035 2164 1278 2205; x_wconf 89' lang='lat' dir='ltr'>committere</span> <span class='ocrx_word' id='word_1_207' title='bbox 1299 2162 1468 2214; x_wconf 89' lang='lat' dir='ltr'>vellent,</span> <span class='ocrx_word' id='word_1_208' title='bbox 1489 2161 1608 2218; x_wconf 86' lang='lat' dir='ltr'>prius·</span> 
     </span>
     <span class='ocr_line' id='line_1_27' title="bbox 340 2233 1609 2289; baseline -0.002 -13"><span class='ocrx_word' id='word_1_209' title='bbox 340 2248 459 2289; x_wconf 89' lang='lat' dir='ltr'>quam</span> <span class='ocrx_word' id='word_1_210' title='bbox 481 2247 590 2275; x_wconf 89' lang='lat' dir='ltr'>nova</span> <span class='ocrx_word' id='word_1_211' title='bbox 608 2233 728 2276; x_wconf 88' lang='lat' dir='ltr'>claffis</span> <span class='ocrx_word' id='word_1_212' title='bbox 747 2234 914 2276; x_wconf 84' lang='lat' dir='ltr'>Athenis</span> <span class='ocrx_word' id='word_1_213' title='bbox 933 2233 1040 2276; x_wconf 70' lang='lat' dir='ltr'>miss&#39;a</span> <span class='ocrx_word' id='word_1_214' title='bbox 1058 2234 1136 2276; x_wconf 85' lang='lat' dir='ltr'>istis</span> <span class='ocrx_word' id='word_1_215' title='bbox 1156 2234 1323 2276; x_wconf 80' lang='lat' dir='ltr'>subsidio</span> <span class='ocrx_word' id='word_1_216' title='bbox 1339 2234 1511 2284; x_wconf 90' lang='lat' dir='ltr'>veniret,</span> <span class='ocrx_word' id='word_1_217' title='bbox 1527 2234 1609 2289; x_wconf 84' lang='lat' dir='ltr'>pri·</span> 
     </span>
    </p>
   </div>
   <div class='ocr_carea' id='block_1_6' title="bbox 341 2302 1608 2426">
    <p class='ocr_par' dir='ltr' id='par_1_7' title="bbox 341 2302 1606 2426">
     <span class='ocr_line' id='line_1_28' title="bbox 341 2302 1606 2359; baseline -0.002 -15"><span class='ocrx_word' id='word_1_218' title='bbox 341 2316 451 2344; x_wconf 88' lang='lat' dir='ltr'>mum</span> <span class='ocrx_word' id='word_1_219' title='bbox 475 2303 618 2343; x_wconf 91' lang='lat' dir='ltr'>milites</span> <span class='ocrx_word' id='word_1_220' title='bbox 636 2315 931 2354; x_wconf 84' lang='lat' dir='ltr'>convocarunt,</span> <span class='ocrx_word' id='word_1_221' title='bbox 952 2317 1124 2359; x_wconf 89' lang='lat' dir='ltr'>cumque</span> <span class='ocrx_word' id='word_1_222' title='bbox 1143 2305 1291 2346; x_wconf 89' lang='lat' dir='ltr'>multos</span> <span class='ocrx_word' id='word_1_223' title='bbox 1313 2302 1488 2359; x_wconf 89' lang='lat' dir='ltr'>ipsorum</span> <span class='ocrx_word' id='word_1_224' title='bbox 1513 2315 1606 2357; x_wconf 84' lang='lat' dir='ltr'>pro-</span> 
     </span>
     <span class='ocr_line' id='line_1_29' title="bbox 341 2369 1608 2426; baseline -0.002 -15"><span class='ocrx_word' id='word_1_225' title='bbox 341 2383 427 2426; x_wconf 87' lang='lat' dir='ltr'>pter</span> <span class='ocrx_word' id='word_1_226' title='bbox 451 2369 687 2425; x_wconf 77' lang='lat' dir='ltr'>superiorem</span> <span class='ocrx_word' id='word_1_227' title='bbox 712 2372 859 2412; x_wconf 91' lang='lat' dir='ltr'>cladem</span> <span class='ocrx_word' id='word_1_228' title='bbox 883 2372 1066 2422; x_wconf 87' lang='lat' dir='ltr'>territos,</span> <span class='ocrx_word' id='word_1_229' title='bbox 1090 2384 1160 2412; x_wconf 91' lang='lat' dir='ltr'>nec</span> <span class='ocrx_word' id='word_1_230' title='bbox 1189 2371 1335 2412; x_wconf 88' lang='lat' dir='ltr'>alacres</span> <span class='ocrx_word' id='word_1_231' title='bbox 1363 2369 1608 2411; x_wconf 79' lang='lat' dir='ltr'>animadver-</span> 
     </span>
    </p>
   </div>
   <div class='ocr_carea' id='block_1_7' title="bbox 339 2441 1611 2567">
    <p class='ocr_par' dir='ltr' id='par_1_8' title="bbox 339 2441 1611 2567">
     <span class='ocr_line' id='line_1_30' title="bbox 339 2441 1528 2492; baseline -0.003 -10"><span class='ocrx_word' id='word_1_232' title='bbox 339 2451 490 2491; x_wconf 84' lang='lat' dir='ltr'>terent,</span> <span class='ocrx_word' id='word_1_233' title='bbox 514 2451 559 2482; x_wconf 94' lang='lat' dir='ltr'>ut</span> <span class='ocrx_word' id='word_1_234' title='bbox 578 2442 731 2483; x_wconf 89' lang='lat' dir='ltr'>animos</span> <span class='ocrx_word' id='word_1_235' title='bbox 754 2442 826 2483; x_wconf 87' lang='lat' dir='ltr'>illis</span> <span class='ocrx_word' id='word_1_236' title='bbox 848 2443 1050 2492; x_wconf 88' lang='lat' dir='ltr'>adderent,</span> <span class='ocrx_word' id='word_1_237' title='bbox 1079 2443 1173 2483; x_wconf 83' lang='lat' dir='ltr'>haec</span> <span class='ocrx_word' id='word_1_238' title='bbox 1199 2442 1319 2484; x_wconf 88' lang='lat' dir='ltr'>verba</span> <span class='ocrx_word' id='word_1_239' title='bbox 1339 2441 1528 2482; x_wconf 85' lang='lat' dir='ltr'>fecerunt.</span> 
     </span>
     <span class='ocr_line' id='line_1_31' title="bbox 395 2509 1611 2567; baseline -0.007 -13"><span class='ocrx_word' id='word_1_240' title='bbox 395 2511 634 2554; x_wconf 86' lang='lat' dir='ltr'><strong>LXXXVII.</strong></span> <span class='ocrx_word' id='word_1_241' title='bbox 662 2516 691 2554; x_wconf 85' lang='lat' dir='ltr'><em>S</em></span> <span class='ocrx_word' id='word_1_242' title='bbox 698 2525 719 2553; x_wconf 90' lang='lat'><em>1</em></span> <span class='ocrx_word' id='word_1_243' title='bbox 744 2514 820 2567; x_wconf 85' lang='lat' dir='ltr'>quis</span> <span class='ocrx_word' id='word_1_244' title='bbox 844 2513 1011 2566; x_wconf 70' lang='lat' dir='ltr'>vestrzim,</span> <span class='ocrx_word' id='word_1_245' title='bbox 1033 2513 1103 2553; x_wconf 71' lang='lat' dir='ltr'>viri</span> <span class='ocrx_word' id='word_1_246' title='bbox 1122 2512 1379 2566; x_wconf 70' lang='lat' dir='ltr'>Pehpwnefii,</span> <span class='ocrx_word' id='word_1_247' title='bbox 1396 2522 1532 2564; x_wconf 85' lang='lat' dir='ltr'>propter</span> <span class='ocrx_word' id='word_1_248' title='bbox 1544 2509 1611 2563; x_wconf 65' lang='grc' dir='ltr'>β.</span> 
     </span>
    </p>
   </div>
  </div>
 </body>
</html>
