1734 3158
321 224 383 271 72
617 203 1312 256 THUCYDIDIS

323 319 402 348 και
425 290 609 358 εθνησκον
626 295 790 369 πολλῳ
815 298 995 366 μοῖλλον
1021 295 1105 359 ἤδη.
1129 295 1302 364 λεγέτω
1321 322 1399 368 μεν
1422 296 1488 355 οὐν
1502 298 1595 376 περὶ

326 373 456 425 αὐτοῦ
480 373 536 431 ὡς
554 369 739 465 ἕκαστος
755 373 1017 438 γιγνώσκει,
1037 398 1117 426 και
1140 371 1296 469 ὶατρος,
1317 401 1395 429 και
1374 374 1595 473 ὶδιῶτΙης,

327 453 417 513 ἀφ’
440 447 529 501 ὅτου
552 446 658 508 εἰκος
677 445 718 509 ἧν
740 445 956 514 γενέσθαι
980 446 1106 508 αὐτο,
1133 474 1212 504 και
1235 474 1317 511 τας
1339 458 1483 512 αἰτίας
1508 453 1611 507 ἅτ·-

326 547 440 584 τινας
460 530 607 598 νομίζει
628 522 833 585 τοσαύτης
855 525 1144 620 μεταβολῆς
1131 550 1284 586 ικανας
1303 528 1405 582 εἰναι
1425 527 1597 600 δυναμιν

326 603 369 660 ἒς
383 625 428 653 το
449 601 728 672 μεταστησαι
752 606 887 664 σχεῖν
913 597 1003 668 εγω
1025 595 1132 654 ὃε
1090 605 1162 656 οἱον
1181 626 1226 656 τε
1247 606 1438 672 ἐγίγνετο
1456 604 1568 670 λέξω
1581 645 1593 663 ,

324 700 403 730 και
419 682 507 741 ἀφ’
522 702 574 730 ων
592 677 643 730 οἶν
666 702 728 735 τις
747 701 944 735 σκοπων,
965 680 1101 731 εἴποτε
1125 703 1203 731 καί
1229 676 1384 741 αυθις’
1373 681 1607 739 emm-{oms

325 753 518 826 μάλιστ’
533 751 584 807 αν
599 750 689 817 ἔχοι
705 778 744 805 τι
729 748 962 850 προειὸως
968 779 1028 823 μη
1045 758 1237 820 ἀγνοεῖν,
1240 780 1385 810 ταυτα
1399 757 1593 820 ὃηλωο-ω,

325 830 453 888 αὐτος
471 853 516 882 τε
538 852 743 891 νοσ-ηο-ας,
765 853 844 882 και
864 827 990 889 αὐτος
1008 824 1098 884 ὶὸων
1125 830 1294 891 ἄλλους
1318 833 1592 898 πάσχοντας.

347 937 350 940 >
401 900 485 976 μᾸ.
515 902 581 958 Το
599 928 676 976 μεν
703 902 796 973 *fiee
823 902 934 966 ἔτος,
961 908 1017 965 ὡς
1042 908 1330 978 ὦμολογειτο,
1353 912 1402 962 ἐκ
1425 911 1595 964 πάντων

322 982 536 1055 μάλιστα
566 977 656 1043 δη
646 985 768 1034 meno
808 981 951 1038 ἄνοσον
984 986 1024 1041 ἐς
1051 1007 1132 1043 τας
1167 983 1326 1078 οἳλλας
1359 987 1594 1045 ἀσθενείας

321 1056 558 1124 ἒτυγχανεν
573 1082 610 1110 ον
644 1065 677 1110 εὶ
701 1054 747 1109 δε
763 1082 825 1117 τις
845 1082 922 1111 και
941 1056 1187 1133 προέκαμνε
1199 1085 1262 1118 τι,
1285 1085 1326 1121 ες
1343 1063 1463 1116 τοῦτο
1479 1086 1610 1116 φναν--Ἰ

324 1158 387 1187 τα
406 1138 624 1207 ἀπεκριᾝθη
640 1158 732 1192 τους
747 1134 789 1186 δ’
809 1133 980 1230 ἄλλους
999 1140 1071 1187 απ·
1071 1136 1297 1227 ὀὐδεμιας
1315 1138 1592 1210 moveto-2505,

324 1215 436 1263 ἀλλ’
456 1213 715 1274 ἐξαίφνης,
697 1213 831 1274 υγιεῖς
853 1210 996 1270 ὄντας,
1022 1235 1182 1285 πρωτον
1202 1235 1279 1284 μεν
1300 1238 1371 1275 της
1388 1214 1596 1278 κεφαλης

323 1285 492 1362 θερμαι
520 1284 717 1359 ἱσχυραι,
749 1309 828 1338 και
853 1313 932 1342 των
967 1287 1214 1360 ὀφθαλμων
1244 1288 1486 1363 ἐρυθήματα
1515 1314 1593 1343 nou

319 1444 395 1474 tur.
425 1433 657 1475 Pronuntiet
689 1445 821 1476 autem
845 1434 894 1476 de
924 1447 976 1475 eo
1000 1435 1165 1485 morbo,
1191 1446 1237 1476 ut
1262 1434 1427 1491 quisque
1453 1434 1594 1485 sentit,

319 1518 400 1549 tam
430 1509 523 1548 artis
549 1507 720 1548 medicae
743 1507 916 1562 peritus,
945 1520 1064 1561 quam
1089 1507 1310 1562 imperitus,
1335 1508 1439 1549 unde
1461 1507 1597 1550 verifi-

321 1579 412 1620 mile
440 1579 594 1620 videtur
618 1592 710 1628 eum
737 1577 919 1620 exstitiss'e
934 1609 946 1628 ,
974 1578 1017 1619 δι
1043 1589 1140 1633 quas
1164 1577 1295 1620 oeusas
1325 1576 1434 1619 fuisse
1461 1588 1598 1633 putet,

319 1664 422 1704 quae
442 1662 571 1691 tantae
592 1651 823 1691 mutationis
846 1649 1048 1691 faciendae
1075 1651 1156 1691 vim
1175 1650 1394 1691 habuerint.
1422 1649 1508 1703 Ego
1525 1663 1598 1691 ve-

319 1733 395 1770 ro,
417 1720 459 1760 &
476 1719 689 1761 cuiusmodi
711 1719 851 1767 fuerit,
874 1718 1022 1768 dicam3
1046 1718 1089 1760 δι
1114 1732 1218 1774 quae
1234 1717 1305 1760 fibi
1324 1719 1486 1774 quisque
1504 1733 1598 1775 pro-

318 1804 493 1846 ponens,
519 1791 549 1831 fi
569 1790 729 1846 quando
752 1788 886 1830 rursus
907 1789 1024 1831 etiam
1047 1789 1113 1831 hic
1137 1789 1301 1831 morbus
1318 1789 1497 1844 ingruat,
1518 1791 1596 1831 iam
1628 1836 1633 1840 .

318 1862 551 1916 praedocius
577 1861 722 1916 aliquid
744 1860 907 1911 habeat,
927 1873 976 1900 ex
1000 1873 1083 1914 quo
1102 1860 1308 1914 praecipue
1333 1872 1426 1900 eum
1446 1872 1597 1914 cogno-

315 1930 420 1980 scat,
441 1932 535 1972 haec
555 1931 760 1972 declarabo
771 1944 785 1980 3
809 1941 892 1972 tum
913 1931 1008 1985 quia
1029 1943 1106 1984 ego
1130 1928 1210 1985 ipse
1227 1930 1305 1971 hoc
1322 1930 1467 1971 morbo
1487 1930 1597 1972 labo-

317 2003 436 2053 ravi,
460 2013 544 2043 tum
568 2002 682 2042 etiam
702 2002 798 2056 quia
815 2000 912 2043 alios
931 2000 1255 2057 hoclaborantes
1280 1999 1359 2056 ipse
1378 2001 1473 2043 vidi.

371 2077 511 2120 XLIX.
535 2077 637 2117 Nam
655 2089 780 2116 annus
802 2075 865 2116 ille
887 2079 952 2130 (ut
973 2075 1040 2116 vel
1058 2076 1236 2117 omnium
1249 2073 1487 2116 confessione
1501 2086 1598 2115 con-

318 2147 470 2202 stabat)
492 2160 541 2188 ex
566 2147 749 2188 omnibus
767 2147 939 2188 maxime
962 2146 1036 2187 fuit
1057 2146 1238 2187 immunis
1258 2146 1310 2186 ab
1333 2145 1416 2186 aliis
1435 2145 1595 2186 morbis,

315 2215 425 2269 quod
443 2213 473 2254 fi
491 2215 580 2269 quis
599 2215 643 2256 &
665 2226 753 2257 ante
774 2215 908 2270 aliquo
932 2215 1010 2256 alio
1036 2216 1179 2257 morbo
1202 2214 1427 2264 laborabat,
1455 2226 1595 2255 omnes

315 2285 356 2326 hi
380 2286 509 2327 morbi
536 2287 577 2326 in
609 2285 722 2327 istum
757 2287 1103 2328 convertebantur.
1139 2287 1253 2328 Alios
1276 2298 1377 2327 vero
1409 2298 1458 2326 ex
1487 2284 1593 2326 nulla

316 2366 422 2397 certa
453 2354 727 2410 manifestaque
755 2355 869 2397 causa
901 2366 1140 2411 apparente,
1178 2354 1241 2396 sed
1269 2367 1320 2395 ex
1349 2353 1591 2409 improviso,

315 2422 406 2469 cum
431 2425 509 2466 sani
539 2425 692 2475 forent,
717 2427 884 2480 primum
911 2426 1069 2479 quidem
1096 2438 1205 2466 acres
1229 2422 1368 2479 capitis
1390 2423 1592 2474 fervores,

316 2491 361 2535 ὃ(
379 2493 586 2536 oculorum
602 2493 778 2550 *rubores
791 2523 803 2546 ‚
831 2494 873 2536 δι
894 2493 1151 2535 inflammatio
1174 2491 1419 2547 corripiebat.
1456 2492 1505 2534 Et
1533 2492 1591 2540 in-
