1734 3158
347 241 449 306 v156
644 221 1330 289 THUCYDIDIS

430 331 567 392 ποτ’.
594 333 892 401 Ἀνίστησιν
845 346 932 395 οὐν,
957 341 1006 391 ἐκ.
1023 361 1103 392 των
1122 337 1376 413 Ὀὃρυσ-ὦν
1358 338 1617 413 ορμῶμενος,

354 435 511 490 πρωτον
524 437 600 486 μεν
613 439 706 475 τους
724 411 829 474 ἐντος
853 439 924 467 του
899 415 1079 486 Αἰμου
1097 438 1143 468 τε
1163 414 1269 487 ὅρους
1294 440 1373 469 nou
1396 417 1467 479 τῆς
1481 418 1617 509 ‘Pudi‘-

356 517 439 554 πης
465 491 567 545 Θ
517 514 678 566 ροοκοις,
706 490 810 544 ὅσων
834 514 945 584 ηρχε
959 488 1089 565 μέχρι
1117 491 1370 554 Samio-om
1395 510 1466 555 της
1490 496 1531 552 ἒς
1554 518 1619 547 τον

356 567 537 634 Εὐξεινόν
563 591 609 621 τε
634 592 776 621 ποντον
800 591 877 620 ma
904 591 969 620 τον
994 565 1364 629 Eudo-vomu*
1352 566 1506 622 ἔπειτα.
1529 594 1622 629 τους

354 645 590 719 ὑπερβάντι
609 644 743 734 Αἶμον
764 640 931 702 Γετοις,
949 666 1026 696 nou
1046 666 1132 695 οσοο
1147 643 1284 697 ἄλλοι
1301 642 1403 737 μέρη
1423 642 1526 704 ἐντος
1547 671 1621 698 του

344 711 511 796 Ἰστρου
530 742 731 791 ποταμου
747 743 846 812 προς
867 718 1127 772 θάλασσαν
1145 723 1326 789 μᾶλλον
1347 745 1414 783 την
1433 723 1505 773 τοῧ
1532 722 1620 774 Εὐ-

353 800 478 863 ξείνου
494 820 638 851 ποντου
659 818 897 868 κοοτωκητο.
920 792 999 848 εἰσ-ι
1020 796 1063 847 δ’
1083 802 1116 848 οἱ
1139 793 1298 852 ses-rou,
1315 819 1394 848 κοιι
1410 803 1445 850 οἱ
1463 795 1619 866 ταύτῃ,

354 873 495 949 ὁμοροί
507 898 552 929 τε
571 877 652 932 τοῖς
673 870 870 931 Σκυθοιις
886 895 964 924 nou
989 871 1231 943 §puio-neum,
1259 873 1416 932 πάντες
1441 879 1621 927 ἱπποτο-

354 950 487 1015 ξότοιι.
514 949 756 1022 παρεκάλει
775 939 820 1001 δε
841 970 919 1000 mu
943 971 1021 1001 των
1044 947 1190 1020 ὀρεινων
1213 947 1405 1022 Θρᾳκων
1429 948 1622 1009 πολλους

334 1025 432 1081 ’των
451 1027 706 1097 αὐτονομων,
727 1049 804 1078 nou
819 1024 1174 1098 μαχαιροφορων,
1193 1048 1225 1076 οι
1211 1023 1343 1077 Διοι
1360 1027 1619 1082 καλοῦνται,

353 1127 421 1165 την
439 1103 631 1164 Ροὸὄπην
648 1108 682 1155 οἱ
701 1104 898 1155 vmbros
919 1100 1127 1159 οἰκοῦντες.
1151 1124 1231 1153 και
1245 1125 1339 1160 τους
1358 1123 1435 1172 μεν
1458 1103 1620 1193 μισθῷ

353 1176 530 1236 ἔπειθεν,
559 1186 592 1232 οἱ
620 1179 661 1231 δ’
690 1175 894 1232 ἐθελοντοοι
926 1174 1245 1241 ξυνηκολουθουν
1282 1200 1428 1240 aarum
1462 1170 1509 1230 δε
1543 1201 1621 1231 'aas

353 1255 611 1348 Ἀγριοινοος,
633 1277 710 1307 κοιι
738 1256 945 1311 Λεοιίους,
974 1276 1050 1307 και
1071 1252 1209 1305 ἄλλοι
1227 1252 1312 1305 ὅσοι
1333 1250 1416 1315 ἔθνη
1437 1255 1619 1308 Παιονι-

353 1355 440 1388 και,
459 1356 510 1386 ων
531 1337 645 1406 ἦρχε.
669 1354 745 1383 noca
766 1327 948 1394 ’ἔσχατοι
966 1353 1037 1390 της
1055 1352 1192 1403 οορχης
1211 1324 1317 1382 οὑτοι
1335 1324 1464 1391 ἦσαν,
1487 1328 1618 1404 μέχρι

403 1486 550 1529 XCVI.
580 1487 645 1528 Ab
658 1484 825 1539 Odrysis
843 1484 963 1540 igitur
978 1484 1090 1526 initio
1111 1484 1251 1535 duao,
1274 1485 1444 1539 primum
1463 1486 1619 1540 quidem

350 1567 400 1596 ex
419 1554 498 1596 suis
519 1555 667 1597 sedibus
683 1546 828 1598 evocat
837 1555 1032 1606 Thraces,
1047 1556 1114 1610 qui
1133 1555 1232 1596 intra
1245 1568 1420 1598 montem
1435 1556 1620 1606 Aemum‚

349 1623 392 1664 δι
413 1624 638 1680 Rhodopen
659 1624 879 1666 habitabant
892 1655 904 1674 ,
935 1623 1077 1678 quibus
1100 1622 1221 1678 usque
1241 1624 1292 1664 ad
1311 1624 1479 1666 Pontum
1502 1625 1621 1666 Euxi-

350 1708 446 1735 num
461 1696 505 1737 &
519 1695 815 1750 Hellespontum
837 1694 1051 1749 imperabat
1070 1706 1079 1734 e
1112 1692 1248 1734 deinde
1268 1707 1369 1735 vero
1388 1695 1532 1745 Getas,
1548 1696 1619 1750 qui

350 1766 534 1821 superato
552 1766 684 1808 Aemo
699 1777 834 1807 monte
854 1767 894 1806 in
914 1763 1161 1806 ulterioribus
1184 1764 1356 1818 partibus
1375 1764 1616 1813 habitabant,

351 1836 396 1877 &
414 1847 613 1891 quotquot
628 1836 690 1877 alii
710 1836 846 1892 populi
869 1836 924 1876 cis
946 1834 1084 1876 Istrum
1109 1833 1276 1875 fluvium
1295 1834 1344 1874 ad
1361 1834 1527 1875 Pontum
1543 1836 1621 1875 Eu-

350 1907 486 1947 xinum
513 1909 637 1962 magis
659 1919 866 1963 vergentes
896 1906 1133 1948 incolebant.
1162 1905 1288 1947 Getae
1311 1916 1468 1955 autem,
1487 1906 1528 1947 &
1551 1905 1620 1960 qui

348 1978 548 2032 regionem
571 1980 677 2020 illam
698 1979 903 2030 accolunt,
934 1979 1095 2032 Scythis
1117 1977 1203 2019 sunt
1234 1978 1412 2028 finitimi,
1441 1978 1484 2019 &
1507 1977 1619 2019 cultu

347 2046 510 2099 similes,
531 2049 741 2105 omnesque
764 2049 941 2104 sagittarii
965 2047 1170 2103 equestres.
1192 2048 1395 2089 Praeterea
1416 2047 1619 2088 Thracum

347 2127 626 2159 montanorum
642 2151 654 2169 ‚
687 2119 756 2174 qui
781 2118 857 2160 suis
886 2118 1035 2172 legibus
1059 2118 1205 2159 vivunt
1218 2147 1232 2167 ,
1261 2116 1305 2157 &
1330 2114 1482 2157 enfiferi
1509 2113 1619 2164 sunt,

348 2188 418 2242 qui
438 2187 507 2228 Dii
532 2199 749 2240 vocantur,
773 2188 987 2243 permultos
1013 2187 1199 2229 evocavit
1215 2218 1228 2236 ‚
1251 2198 1422 2240 quorum
1452 2184 1621 2225 maxima

347 2269 438 2311 pars
461 2256 684 2310 Rhodopen
709 2258 854 2299 incolit.
886 2268 1003 2312 atque
1030 2256 1126 2297 alios
1159 2255 1316 2310 quidem
1351 2253 1529 2295 mercede
1556 2253 1617 2292 in·

347 2325 482 2375 duxit,
504 2327 569 2367 alii
591 2341 690 2369 vero
711 2328 922 2369 voluntarii
942 2337 1076 2376 erant,
1091 2325 1162 2380 qui
1179 2324 1343 2366 Sitalcen
1363 2323 1468 2364 ultro
1486 2321 1619 2376 seque-

347 2396 506 2437 bantur.
535 2398 734 2439 Evocavit
761 2398 878 2438 etiam
900 2396 1117 2450 Agrianas,
1143 2394 1185 2433 &
1210 2394 1381 2441 Leaeos,
1408 2393 1451 2434 &
1475 2403 1621 2432 ceteras

349 2475 484 2520 gentes
505 2465 713 2507 Paeonicas
725 2498 737 2517 ‚
756 2467 899 2521 quibus
919 2463 1146 2519 imperabat.
1169 2473 1286 2516 atque
1307 2462 1344 2502 hi
1355 2460 1546 2515 Agrianes
1559 2471 1620 2500 to-

348 2538 423 2581 tius
449 2539 598 2595 imperii
623 2550 734 2581 erant
760 2539 916 2587 ultimi,
946 2535 1067 2592 usque
1097 2536 1145 2577 ad
1171 2535 1368 2586 Graaeos,
1398 2534 1441 2577 &
1467 2534 1616 2574 Leaeos
