1734 3158
408 236 499 297 176
694 233 1386 283 THUCYDIDJS

407 327 534 385 λυειν·,
549 329 755 388 ὃεισαντες
766 330 1127 402 προκαταλαβεῖν
1141 326 1377 391 ἐβουλοντο.
1396 353 1474 383 και
1487 327 1679 401 πέμποι»

407 431 474 460 σιν
493 408 746 470 ἐξαπιναίως
763 405 1091 497 τεσσαράκοντα
1108 407 1226 464 ναῧς,
1247 407 1293 458 αἳ
1309 403 1456 471 ἔτυχον
1471 430 1565 482 περι
1579 409 1679 461 Πε-

406 482 650 544 λοπόννησον
677 479 1096 575 παρεσκευασμέναι
1114 486 1254 534 πλεῖν.
1284 483 1562 545 Κλειᾶιπίὸης
1586 477 1675 537 ὃε“
1656 509 1677 537 ο

406 562 592 615 Δεινίου,
612 564 738 632 τρίτος
763 555 887 616 αὐτος
913 556 1178 630 ἒο-τρατηγει.
1206 556 1454 624 ἐσηγγέλθη
1481 582 1575 629 ’γαρ
1594 583 1676 612 αυ-

376 699 386 707 ·
406 661 489 694 τοις
505 637 560 694 ὡς
579 637 634 695 εἴη
653 634 929 692 Ἀπολλωνος
951 634 1201 693 Μαλόεντος
1220 632 1298 698 ἔξω
1317 660 1389 696 της
1406 635 1577 694 πολεως
1593 636 1676 710 ἑορ-

405 737 480 774 τη,
503 715 539 765 ἓν
561 722 582 778 {a
561 708 812 781 πανδημει
833 711 1118 771 ΝῙιτυληναῖοι
1137 711 1390 801 ἑορτάζουσι,
1411 735 1489 764 και
1513 714 1677 765 ἐλπίδα

406 788 508 841 εἶναι
527 784 830 850 ἐπειχθέντας’
820 790 1035 838 emmo-§Tu
1060 785 1204 847 ἄφνω·
1231 809 1308 838 και
1327 811 1369 848 ην
1387 799 1463 857 μεν
1483 790 1672 858 ξυμβη
1650 815 1675 851 η

403 868 545 938 πεῖρα
567 872 600 916 εἰ
619 856 664 915 δε
681 888 767 933 μη,
785 863 1088 923 Μιτυληναίοις
1106 866 1254 918 εἰπεῖν,
1274 885 1372 922 ναυς
1389 887 1435 916 τε
1453 865 1675 938 παραδοῦ-

403 964 494 996 ναι,
521 964 600 992 και
628 946 748 1003 τείχη
773 941 978 991 καθελεῖν·
1009 961 1072 1008 μη
1089 936 1341 1030 πειθομένων
1362 932 1430 995 δε,
1450 945 1669 1010 πολεμειν.

403 1041 484 1070 και
504 1024 553 1069 αἱ
571 1039 647 1087 μεν
666 1038 750 1076 νηες
774 1037 943 1087 ωχοντο.
970 1038 1050 1073 τας
1069 1006 1116 1067 ὃε
1133 1039 1213 1067 των
1236 1015 1540 1077 Μιτυληναιων
1565 1014 1675 1070 δέκα

403 1115 588 1186 τριηρεις,
618 1092 663 1143 αἲ
689 1115 832 1155 ετυχον
861 1089 999 1154 βοηθοι
1027 1114 1156 1165 παρα
1183 1094 1314 1154 σφοῖς
1340 1115 1463 1145 κατα
1486 1115 1532 1145 το
1529 1094 1672 1190 ξψξ-

402 1193 598 1243 μοιχικον
632 1191 870 1241 παρουσαι,
900 1164 1117 1232 κατέο-χον
1148 1173 1182 1220 οἱ
1214 1169 1438 1229 Ἀθηναιοι,
1472 1193 1550 1221 και
1579 1193 1672 1228 τους

401 1245 555 1321 ανὸρας
574 1247 618 1308 εξ
637 1267 772 1297 αυτων
793 1267 832 1302 ες
850 1238 1093 1305 Φυλακην’
1082 1267 1343 1305 εποιησαντο.
1363 1248 1445 1303 τοῖς
1459 1236 1505 1297 δε
1522 1246 1672 1298 Μιτυ-

401 1328 583 1384 ληναιόις
601 1344 699 1390 ανηρ
728 1344 777 1373 εκ
800 1344 877 1374 των
903 1320 1075 1382 Αθηνων
1103 1317 1299 1384 ὁὶαβας’
1289 1343 1328 1379 ες
1354 1318 1567 1384 Εὔβοιαν,
1589 1345 1672 1374 και

397 1482 554 1512 vertere
579 1469 805 1511 voluerunt.
835 1469 877 1509 &
898 1467 1096 1510 confestim
1120 1467 1304 1510 miserunt
1326 1468 1582 1524 quadraginta
1601 1482 1670 1510 na-

396 1557 495 1594 veS,
526 1556 629 1598 quae
653 1544 757 1584 forte
783 1541 885 1582 circa
910 1540 1219 1596 Peloponnesum
1243 1551 1377 1591 erant,
1409 1540 1457 1581 ad
1482 1541 1671 1595 navigan·
1731 1562 1734 1593 3

396 1612 491 1652 (lum
515 1621 682 1666 paratae.
716 1611 935 1666 Cle'ippides
956 1625 1056 1663 vero
1080 1611 1224 1652 Diniae
1245 1611 1374 1662 filius,
1399 1625 1490 1654 cum
1512 1612 1669 1654 duobus
1732 1615 1734 1618 ⁴

396 1681 485 1721 aliis
510 1681 672 1735 collegis
689 1712 700 1730 ,
727 1681 787 1722 his
813 1681 983 1722 navibus
1006 1691 1196 1734 praeerat.
1224 1680 1320 1734 Ipfis
1341 1681 1446 1722 enim
1471 1683 1667 1724 renuntia·

392 1762 479 1792 tum
501 1750 647 1800 fuerat,
672 1750 772 1791 diem
798 1749 935 1791 festum
958 1751 1000 1790 in
1023 1750 1216 1805 Apollinis
1235 1750 1450 1791 Maloentis
1474 1750 1667 1792 honorem

394 1835 507 1863 extra
529 1823 665 1864 urbem
687 1822 900 1873 celebrari,
928 1822 975 1863 ad
997 1834 1114 1876 quem
1143 1821 1414 1863 celebrandum
1435 1820 1668 1874 Mitylenaei

394 1892 614 1948 frequentes
633 1892 742 1934 erant
760 1893 1012 1942 conventuri,
1033 1893 1077 1933 &
1097 1892 1202 1948 spem
1220 1887 1317 1941 effe,
1340 1891 1368 1931 fi
1390 1901 1667 1946 properarent,

392 1976 445 2003 ex
469 1962 686 2018 improviso
710 1963 812 2019 ipsos
835 1962 1121 2018 impreffionem
1143 1963 1183 2002 in
1204 1962 1293 2003 illos
1313 1961 1389 2002 effe
1413 1960 1595 2002 faauros.
1616 1962 1666 2002 Et

390 2032 422 2073 fi
445 2045 608 2074 conatus
635 2033 702 2074 iste
725 2032 887 2075 feliciter
909 2033 997 2089 ipsis
1020 2032 1266 2084 succeffiffet‚
1287 2033 1406 2073 bene:
1429 2032 1486 2072 fin
1506 2033 1662 2083 minus,

389 2103 554 2144 ducibus
575 2105 890 2159 imperaverant,
903 2115 950 2145 ut
962 2103 1231 2157 Mitylenaeos
1249 2115 1373 2144 naves
1390 2102 1560 2152 tradere,
1579 2115 1666 2142 mu-

390 2172 532 2227 rosque
555 2174 732 2215 demoliri
756 2175 955 2224 iuberent;
978 2174 1044 2221 Sc,
1066 2172 1134 2213 nifi
1154 2174 1340 2228 imperata
1360 2170 1532 2214 facerent
1544 2185 1565 2221 ,⁴
1581 2171 1666 2212 bel-

391 2242 474 2282 lum
501 2242 589 2297 ipsis
619 2242 815 2283 inferrent.
847 2244 982 2298 Atque
1013 2243 1100 2284 illae
1132 2243 1290 2298 quidem
1320 2255 1442 2284 naves
1473 2241 1663 2282 abierunt.

391 2311 646 2354 Athenienses
667 2326 766 2354 vero
788 2315 1028 2355 retinuerunt
1044 2314 1176 2354 decem
1197 2312 1530 2366 Mitylenaeorum
1551 2312 1664 2353 trire-

392 2394 497 2431 mes,
517 2395 618 2436 quae
638 2395 688 2422 ex
709 2381 874 2424 foederis
896 2382 1013 2438 pacto
1030 2393 1124 2422 tunc
1144 2382 1247 2436 apud
1268 2380 1371 2436 ipsos
1389 2382 1522 2423 auxilii
1540 2381 1664 2422 feren-

393 2451 432 2492 di
452 2450 566 2492 causa
586 2449 688 2491 forte
710 2451 866 2492 aderant
878 2482 890 2501 ,
907 2450 1117 2505 virosque,
1135 2451 1202 2503 qui
1227 2450 1267 2490 in
1290 2450 1367 2491 illis
1384 2462 1516 2501 erant,
1538 2453 1577 2491 in
1591 2464 1662 2491 cu-

390 2522 553 2564 stodiam
577 2522 825 2564 tradiderunt.
863 2522 1038 2576 Quidam
1060 2534 1184 2571 vero,
1212 2535 1301 2563 cum
1327 2521 1490 2562 Athenis
1518 2521 1558 2562 in
1583 2521 1665 2562 Eu-
