1734 3158
143 1258 343 1295 Novembri.

217 1423 224 1445 ⁴,

373 235 463 283 166
658 233 1346 286 THUCYDIDIS

366 329 532 391 σφοῖς
515 352 534 379 ο
554 350 731 420 στρατος
749 351 941 420 χωρηση,
959 353 1035 382 και
1057 332 1093 383 ἒν
1114 352 1368 405 παρασκευή
1385 327 1502 394 ἦσαν.
1523 335 1628 399 ἔφο-

363 402 556 467 βηθησαν
575 398 621 458 δε
640 429 718 457 και
738 412 774 457 οἱ
793 402 924 480 πέραν
951 406 1189 481 Στρυμόνος
1201 433 1309 506 προς
1332 407 1483 484 βορεαν
1503 410 1633 484 Θρᾷ-

362 503 456 539 κες,
478 480 563 535 ὅσοι
590 481 789 534 πεδία
747 491 877 546 εἰχον,
904 482 1118 540 Ποιναῖσι,
1145 507 1222 538 και
1246 485 1359 539 Ὀδο
1352 509 1527 558 μαντοι,
1547 511 1625 539 και

363 555 522 646 Δρωοι,
538 580 617 610 και
595 555 851 653 Δερσαιοι·
869 557 1132 628 αὐτονομοιδ’
1144 559 1225 614 εἰσ-ι
1239 562 1411 622 πάντες.
1426 586 1627 659 stupeo-752

363 624 409 685 δε
430 634 560 699 λογον
581 657 658 686 και
678 632 749 686 ἔπι
768 658 859 693 τους
876 658 953 687 των
977 637 1195 698 Ἀθηναίων
1185 646 1445 731 πολεμίους
1451 632 1628 700 Έλλη-

569 709 827 729 99999

364 783 435 838 {m
453 789 580 850 σφοῖς
595 809 854 859 χωρησωσ-ιν.
871 811 889 838 ο
877 777 972 843 δε,
989 810 1058 849 την
1077 811 1123 841 τε
1137 784 1418 853 Χαλκιδικην
1431 815 1510 844 και
1487 790 1631 845 Βοτ-

362 885 478 923 *nunu
492 886 570 914 και
548 860 902 916 ΜΜακεὸονίαν
874 886 983 954 αμα
997 860 1185 928 ἐπέχων,
1204 862 1342 940 ἒφθειρ
1345 889 1378 920 ε.
1394 891 1473 920 και
1451 862 1631 930 ἐπειδη

363 942 482 991 aimo
459 931 645 991 οὐδέν
635 939 873 1012 πράσα-πο
892 944 944 992 ὡν
962 933 1085 994 ἕνεκα
1110 938 1329 1004 ἐσέβαλε,
1350 967 1430 996 και
1453 947 1476 1006 ἡ
1496 967 1632 1019 στρα-

362 1038 437 1066 τια
456 1014 563 1068 σιτόν
583 1037 628 1068 τε
651 1019 725 1068 οὐκ
745 1015 854 1080 εἶχεν
871 1016 1010 1110 αυτῷ,
1027 1016 1104 1070 καὶ
1124 1014 1207 1071 ὑπο
1226 1041 1429 1091 χειμωνος
1445 1023 1629 1074 ἐταλαι-

362 1090 489 1162 πῶρει
500 1129 512 1147 ,
527 1094 834 1144 ἀναπείθεται
815 1116 897 1145 υπο
876 1074 1073 1148 Σεύθου
1085 1118 1156 1146 του
1131 1094 1482 1190 Σπαραὸώωυ,
1495 1097 1631 1150 ἀδελ-

363 1167 532 1229 Ocdoss'
508 1192 633 1227 οντος,
654 1190 732 1220 και
762 1164 968 1259 μέγιστον
991 1175 1087 1241 μετ’
1113 1169 1234 1224 αὐτον
1257 1168 1478 1243 δυναμένου
1491 1211 1503 1229 ,
1529 1170 1632 1225 ὣστ’

363 1246 398 1296 ὲν
421 1266 554 1307 ταχει
578 1247 792 1298 απελθεῖν.
818 1269 881 1299 τον
910 1238 956 1297 δε
987 1244 1144 1308 Σευθην
1169 1245 1322 1345 κρύφα
1356 1249 1629 1322 Περδίκκας,

362 1319 651 1390 υποσχᾶμενος
670 1315 894 1386 ἀδελφην
880 1344 1027 1376 εαυτου
1002 1321 1209 1381 Meu-etv,
1229 1348 1307 1377 και
1327 1348 1542 1399 χοηματα
1561 1328 1630 1378 ἐπ’

360 1494 497 1537 parent
510 1515 523 1534 ,
551 1483 593 1525 &
614 1484 757 1527 Graeci
778 1485 827 1526 ad
850 1486 1143 1542 Thermopylas
1165 1488 1288 1543 usque
1311 1488 1554 1539 timuerunt,
1582 1501 1631 1531 ne

359 1552 554 1593 exercitus
573 1552 640 1594 iste
660 1564 796 1595 contra
817 1555 854 1596 se
874 1569 1034 1611 quoque
1053 1557 1206 1599 veniret
1217 1590 1230 1608 ‚
1249 1559 1292 1599 δι
1316 1559 1357 1599 in
1374 1559 1489 1600 armis
1507 1569 1632 1600 erant.

359 1621 531 1662 Thraces
557 1623 676 1663 etiam
689 1653 701 1673 ‚
732 1625 800 1678 qui
826 1634 932 1665 trans
957 1625 1210 1676 Strymonem
1225 1657 1238 1677 ,
1267 1626 1439 1667 Boream
1470 1625 1632 1677 versus,

360 1692 447 1734 loca
465 1693 690 1748 campestria
706 1693 926 1735 incolebant
937 1725 950 1743 ,
966 1694 1105 1735 Panaei
1119 1705 1344 1750 praeterea,
1365 1695 1408 1736 &
1427 1694 1631 1736 Odoman-

358 1763 415 1814 ti,
442 1763 483 1804 &
507 1763 636 1814 Droi,
665 1764 708 1805 &
737 1763 921 1814 Dersaei,
945 1764 1066 1804 territi
1098 1763 1196 1805 sunt.
1228 1778 1370 1806 omnes
1403 1776 1534 1806 autem
1557 1765 1632 1806 suis

359 1829 511 1886 legibus
529 1842 682 1874 utentes
702 1831 813 1872 liberi
837 1832 1038 1874 vivebant.
1062 1831 1244 1873 Praebuit
1265 1832 1383 1872 etiam
1401 1830 1502 1872 idem
1521 1830 1633 1872 Sital-

361 1915 425 1943 ces
454 1902 699 1944 occafionem
719 1903 888 1944 rumoris
910 1903 1010 1943 inter
1037 1902 1215 1945 Graecos
1236 1899 1531 1943 Athenienfium
1556 1901 1632 1942 ho-

359 1970 456 2022 stes,
475 1973 690 2027 periculum
710 1971 785 2014 effe
794 1974 815 2023 ,ἕ
823 1986 895 2023 ne,
909 1972 978 2027 qui
995 1972 1045 2013 ab
1064 1971 1152 2027 ipfis
1171 1985 1240 2027 per
1255 1971 1448 2013 societatis
1463 1970 1632 2027 speciem

359 2045 671 2096 adducebantur,
695 2045 797 2100 ipsos
818 2046 934 2101 etiam
967 2045 1207 2086 invaderent.
1237 2043 1308 2085 Ille
1330 2056 1434 2086 vero
1452 2042 1495 2084 &
1514 2041 1634 2084 chal.

358 2116 524 2158 cidicum
537 2149 550 2167 ,
577 2117 621 2158 &
647 2117 867 2167 Botticum,
898 2117 940 2158 &
967 2116 1265 2158 Macedonicum
1285 2127 1422 2170 agrum
1443 2113 1558 2155 fimul
1577 2112 1632 2155 ibi

357 2186 558 2229 subfistens
583 2187 773 2229 vastabat.
807 2188 857 2228 Et
884 2200 978 2227 cum
1003 2185 1097 2227 nihil
1120 2199 1284 2236 eorum,
1310 2197 1483 2240 quorum
1512 2181 1627 2224 causa

357 2254 501 2296 infestis
519 2256 635 2296 armis
655 2269 707 2297 eo
724 2255 923 2311 profeEtus
943 2255 1090 2306 fuerat,
1115 2255 1186 2310 ipfi
1206 2253 1366 2296 feliciter
1388 2252 1631 2302 succederet;

356 2336 526 2378 cumque
556 2323 672 2379 ipsius
696 2325 886 2366 exercitus
908 2334 1133 2366 commeatu
1154 2335 1327 2374 careret,
1348 2322 1391 2364 &
1412 2322 1549 2363 hiemis
1565 2322 1627 2361 in-

358 2392 573 2435 commodis
592 2385 823 2443 vexaretur3
847 2407 872 2434 a
891 2393 1032 2435 Seuthe
1045 2391 1256 2447 sparadoci
1267 2391 1371 2442 filio,
1391 2392 1461 2446 qui
1477 2390 1546 2446 ipfi
1566 2403 1631 2446 pa-

358 2460 511 2511 truelis,
531 2460 676 2514 quique
693 2461 797 2515 apud
818 2460 941 2516 ipsum
966 2460 1141 2516 potentia
1162 2459 1350 2502 secundus
1369 2469 1476 2510 erat,
1491 2459 1541 2499 ad
1563 2471 1629 2500 ce-

356 2530 484 2574 leriter
505 2530 726 2573 abeundum
754 2529 955 2573 inducitur.
982 2530 1151 2573 Seuthen
1177 2541 1306 2577 autem
1328 2529 1524 2573 Perdiccas
1554 2529 1624 2571 fibi
