1734 3158
336 163 436 227 a&
542 161 1421 212 ANNoTATIONEs

339 250 495 298 chium,
520 250 562 293 δι
586 250 756 308 Τιεᾳεη
774 260 954 292 veterum
974 249 1207 305 scriptorum
1230 250 1459 292 testimoniis
1485 250 1625 298 defen-T·

336 303 405 345 :sos
431 317 514 346 non
539 305 694 346 videbo.

396 363 470 399 ead.
490 360 515 398 l.
546 372 602 398 12.
629 356 844 413 Καλλιρόῃ)
867 359 929 399 Ex
949 358 1025 399 hoc
1049 357 1142 399 loco
1159 357 1325 399 Plinium
1340 388 1353 407 ,
1378 359 1480 413 apud
1497 370 1619 414 quem

341 413 403 454 IV
427 414 479 454 H.
511 412 563 453 N.
584 426 611 464 7
637 412 840 466 legebatur
862 416 1110 453 Enneacrunos
1125 444 1138 460 ‚
1168 414 1360 461 Callirhoe,
1390 413 1536 454 sublata
1561 414 1619 454 di·

341 466 546 508 stinfflone
563 468 767 507 emendant
779 496 790 513 ‚
807 467 851 507 &
863 466 1057 514 Solinum,
1074 468 1142 520 qui
1163 467 1391 508 Callirhoen
1413 467 1456 507 δι
1471 468 1620 508 Ennea-

343 533 496 562 crunon
517 521 617 561 duos
642 520 770 560 fontes
791 519 905 570 facit,
927 521 1209 574 reprehendunt
1233 520 1408 561 Hermol.
1426 521 1622 562 Barbarus

342 575 387 616 &
414 574 642 615 Harduinus
664 574 712 614 ad
738 573 832 614 Plin.
862 574 904 614 δι
929 573 1073 615 Meurs.
1101 574 1290 615 Ceramic.
1325 574 1496 616 Gemino
1532 588 1621 630 cap.
1652 588 1655 589 ⁷

347 642 411 678 14.
441 628 626 669 Defendit
656 639 786 668 tamen
807 627 987 669 Solinum
1014 629 1077 669 vir
1100 628 1258 678 ἀοξὶυε,
1276 628 1353 669 Iac.
1383 629 1467 669 Nic.
1491 630 1620 670 Loen-
1649 631 1652 634 ’
1731 604 1734 610 ¹

343 681 394 723 sis
420 683 480 723 VI
500 682 699 736 Epiphyll.
732 695 798 733 ις,
816 681 860 721 &
884 681 1014 722 multis
1039 681 1226 736 disputat,
1249 695 1271 722 e
1295 682 1429 723 verbis
1452 683 1623 735 Thucy-

345 736 441 776 didis
467 748 549 776 non
575 734 682 789 pofl'e
711 734 861 775 ostendi
891 735 1120 776 Callirhoen
1146 736 1308 777 eundem
1341 735 1438 784 effe,
1461 738 1529 790 qui
1557 739 1618 777 de·

347 791 435 832 inde
456 790 739 830 Enneacrunos
758 789 881 831 dietus
899 788 982 830 fuit.
1002 789 1051 830 Et
1071 790 1203 830 Barth.
1226 791 1275 829 ad
1290 790 1384 831 Stat.
1403 790 1478 831 XIl
1496 790 1620 831 Theb.

346 846 427 898 629
441 875 454 894 ,
481 843 706 884 sententiam
730 842 831 883 illius
860 855 1105 892 memorans,
1133 842 1282 892 scribit,
1306 857 1388 884 non
1419 843 1528 886 facile
1558 846 1620 884 de-

348 899 424 940 cidi
449 897 576 953 poffe,
602 910 706 938 unus
725 895 837 947 fons,
858 910 907 938 an
928 898 1010 938 duo
1033 896 1185 938 fuerint.
1208 897 1310 938 Mihi
1338 899 1462 952 magis
1485 897 1622 939 obscu-

347 966 395 994 ra
429 953 472 993 &
508 965 575 1007 per
603 952 715 1001 lexa,
752 965 871 1004 quam
907 964 1004 992 vera
1036 951 1112 991 effe
1144 951 1297 992 videtur
1331 951 1396 991 illa
1423 950 1623 1007 disputatio

350 1005 525 1048 Loenfis.
592 1007 710 1046 tenim
746 1005 776 1045 fi
806 1005 1058 1059 Thucydides
1090 1005 1151 1046 hic
1177 1004 1358 1046 omisiss'et
1383 1007 1506 1046 verba
1535 1006 1622 1056 illa.

354 1060 523 1115 φανερῶν
549 1060 622 1100 τῶν
640 1058 777 1113 πηγῶν
798 1056 937 1110 οὐσῶν,
959 1072 1077 1100 nemo
1099 1058 1289 1100 dubitaret
1302 1091 1316 1108 ,
1336 1060 1432 1113 quin
1457 1073 1562 1101 unus
1578 1060 1624 1101 ab

353 1129 406 1157 eo
431 1113 519 1155 fons
542 1112 775 1167 significatus
799 1113 939 1162 fuerit,
961 1127 1042 1154 non
1065 1114 1158 1154 duo.
1180 1114 1262 1155 Iam
1288 1126 1388 1154 vero
1417 1114 1459 1154 in
1488 1127 1623 1156 eorum

353 1169 593 1215 adiectione,
616 1181 853 1222 quocunque
872 1168 1026 1208 demum
1053 1169 1174 1209 modo
1200 1180 1248 1208 ea
1269 1167 1529 1222 interpreteris
1542 1200 1554 1219 ,
1571 1169 1626 1208 ni·

355 1224 409 1265 hil
434 1222 512 1271 est,
530 1222 633 1262 unde
654 1217 855 1276 quisquam
875 1221 1088 1275 intelligere
1113 1221 1249 1276 possit,
1278 1234 1359 1261 non
1388 1235 1535 1270 unum,
1565 1221 1625 1264 sed

357 1278 460 1318 duos
477 1275 608 1317 fontes
629 1275 739 1317 fuiffe
760 1275 985 1317 Callirhoen
1008 1277 1051 1317 &
1070 1276 1371 1317 Enneacrunon.
1389 1276 1438 1316 Et
1458 1275 1510 1317 sic
1524 1277 1625 1319 hunc

356 1332 491 1372 locum
522 1341 756 1385 acceperunt
779 1331 1093 1384 Harpocration,
1119 1330 1361 1383 Hesychius,
1392 1330 1526 1371 Suidas
1541 1361 1554 1378 ‚
1586 1331 1626 1372 &

358 1386 536 1441 plerique
554 1385 619 1424 alii
639 1384 893 1427 Grammatici
910 1395 1063 1425 veteres
1082 1384 1187 1438 apud
1207 1383 1420 1424 Meurfium
1437 1384 1461 1424 1.
1477 1384 1514 1424 d.
1534 1397 1630 1425 eun-

359 1441 529 1494 demque
552 1438 723 1489 fontem‚
747 1439 814 1493 qui
840 1439 933 1479 olim
955 1438 1176 1486 Callirhoe,
1196 1437 1329 1493 postea
1346 1438 1628 1480 Enneacrunon

360 1505 550 1536 vocatum
569 1494 827 1534 tradiderunt:
845 1506 1014 1547 quorum
1036 1491 1250 1534 testimonia
1270 1506 1359 1533 cum
1380 1492 1535 1534 elevare
1551 1505 1630 1533 non

362 1548 508 1605 poffet,
526 1549 665 1588 tacitus
685 1547 891 1603 praeterire
911 1546 1048 1587 maluit
1068 1546 1240 1588 Loenfis.
1263 1546 1450 1587 Ceterum
1471 1549 1630 1601 Καλλιῤ-

364 1603 426 1658 ῥόη
440 1635 451 1653 ‚
475 1602 583 1657 quod
606 1602 671 1642 hic
696 1602 854 1656 quidam
875 1601 962 1642 Mff.
984 1600 1125 1641 habent
1138 1632 1150 1651 ,
1164 1603 1281 1641 etiam
1304 1601 1343 1640 in
1362 1601 1459 1642 Poll.
1480 1601 1561 1650 ΙΙΙ,
1581 1614 1631 1654 47

365 1657 432 1699 est.
453 1657 499 1698 In
517 1656 659 1705 Suida‚
682 1655 857 1709 Etymol.
875 1655 932 1695 M.
956 1656 996 1695 δι
1014 1655 1159 1696 Tzetze
1177 1655 1366 1709 scriptura
1388 1655 1525 1696 variat.

420 1715 495 1752 ead.
520 1711 544 1752 l.
574 1726 634 1764 ¹3·
655 1712 712 1749 Τὰ
743 1709 928 1750 πλείστου
953 1707 1079 1763 ἄξιοι)
1106 1708 1246 1750 Deeffe
1275 1720 1375 1763 puto
1405 1709 1443 1749 ἐς
1467 1719 1557 1749 ante
1578 1709 1634 1750 τὶ

365 1765 550 1806 πλείστου
571 1766 690 1818 αξιοι,
710 1778 790 1805 non
809 1774 937 1804 autem
959 1763 1136 1804 relietum
1156 1762 1231 1804 effe
1249 1762 1566 1810 subaudiendum,
1590 1773 1633 1804 ut

366 1818 593 1861 Scholiastes
616 1819 817 1860 existimat.
841 1817 924 1858 Cur
948 1820 1049 1858 enim
1074 1818 1203 1871 potius
1226 1818 1264 1856 in
1287 1817 1456 1871 sequenti
1475 1817 1634 1872 periodo

396 1873 604 1915 oneretur?
629 1873 780 1913 STEPH.
808 1873 895 1913 Hae
918 1870 1005 1912 sunt
1026 1871 1202 1923 δευτέρω
1220 1870 1418 1923 φροντίδες
1441 1870 1634 1926 Stephani.

366 1888 471 1969 R‘am
493 1930 533 1968 in
554 1928 730 1982 Append.
751 1927 798 1967 ad
818 1925 955 1980 scripta
978 1926 1025 1966 de
1046 1925 1150 1965 Dial.
1173 1938 1258 1979 pag.
1279 1939 1326 1979 95
1352 1925 1429 1966 hoc
1454 1935 1636 1978 tanquam

365 1983 539 2023 notabile
559 1981 779 2036 exemplum
799 1980 971 2034 ellipseos
991 1978 1281 2034 praepositionis
1305 1979 1358 2019 εἰς
1378 1978 1566 2019 attulerat.
1589 1979 1635 2019 In

367 2037 466 2090 Reg.
493 2037 607 2091 super
625 2037 718 2076 haec
740 2035 861 2075 verba
882 2047 1000 2074 manu
1021 2033 1170 2074 vetusta
1190 2034 1289 2074 inter
1307 2032 1441 2074 versus
1455 2031 1636 2088 scriptum

371 2102 455 2130 erat
479 2093 542 2131 εἰς.
566 2091 616 2131 Et
637 2091 675 2130 in
696 2088 795 2130 Caff.
818 2089 1032 2129 recentiore
1056 2100 1176 2128 manu
1196 2088 1319 2128 λείπει
1346 2087 1411 2128 εἰς.
1431 2086 1533 2128 Mihi
1553 2087 1640 2134 val-¹

370 2144 420 2185 de
442 2145 536 2185 dura
556 2145 708 2185 videtur
727 2143 821 2184 haec
837 2141 988 2196 ellipfis.

429 2202 505 2238 ead.
529 2199 554 2238 l.
583 2212 641 2246 14.
665 2197 741 2251 Πρό
763 2212 807 2237 τε
830 2194 1039 2290 γαμικῶνζ
1057 2195 1214 2250 Aquam
1236 2195 1326 2235 hinc
1346 2194 1506 2248 petitam
1524 2194 1571 2234 ad
1588 2194 1641 2235 la.

372 2265 492 2294 vacra
510 2253 693 2305 nuptialia
715 2250 930 2304 virginibus
958 2263 1012 2290 nu
1040 2251 1216 2297 entibus,
1236 2247 1352 2290 refert
1374 2247 1514 2288 Pollux
1541 2248 1566 2288 1.
1596 2261 1636 2302 3,

375 2319 409 2347 c.
435 2320 480 2359 33
505 2319 577 2346 nec
605 2305 838 2346 nubentibus
870 2315 1021 2344 tantum
1041 2304 1078 2343 id
1105 2303 1270 2350 faeium,
1299 2301 1362 2342 sed
1383 2300 1426 2341 &
1454 2312 1542 2342 ante
1564 2315 1641 2342 nu·

332 2365 335 2367 ’
372 2359 473 2415 ptias
494 2359 760 2399 morientibus.
783 2358 885 2398 Vide
913 2356 1069 2398 Meurfii
1090 2357 1336 2398 Ceramicum
1364 2354 1574 2396 Geminum
1605 2368 1641 2397 c.

378 2426 443 2463 14,
464 2413 731 2467 Etymologici
748 2411 969 2460 au&orem‚
988 2411 1031 2452 δι
1051 2411 1283 2465 Harpocrat.
1307 2410 1346 2449 in
1366 2422 1468 2450 voce
1489 2421 1641 2460 λουτρο-

374 2471 488 2523 φόρος.
510 2467 651 2509 Huns.
673 2466 772 2509 Add.
795 2465 922 2509 Vales.
939 2465 985 2507 ad
1002 2466 1237 2520 Harpocrat.
1253 2463 1386 2519 'Quod
1404 2464 1564 2519 nuptias
1585 2464 1672 2513 'in-,j
