1734 3158
354 254 443 302 170
540 238 970 287 THUCYDID
1007 239 1215 287 HIST
1250 242 1384 289 LIB.
1420 245 1490 291 ΙΙ.

348 339 436 399 ἀφ’
453 356 580 404 nvn-23
593 337 758 394 κτείνας
774 358 845 396 την
844 331 1042 432 μητέρα,
1064 339 1139 388 οὐκ
1155 341 1301 401 ὁλιγον
1315 335 1452 411 χρὸνον
1466 340 1618 392 ἔπλει-ὲ

347 413 460 465 vol-ro.
485 433 564 464 και
589 408 918 470 κατοικισθεις’
907 433 947 470 ες
968 436 1061 471 τους
1083 434 1178 486 περι
1203 412 1416 473 Οἰνιάδας
1439 415 1613 474 τόπους,

345 484 621 542 ἐδυνάστευσε
629 509 696 543 τε,
717 511 795 540 και
816 483 907 539 ἑυπο
921 488 1170 579 Ἀκαρνᾶνος
1187 485 1374 548 παιδος
1359 512 1531 548 εαυτου,
1547 515 1618 552 της

345 587 494 639 χωρας
525 588 593 627 την
627 566 870 634 ἒπωνυμίαν
902 561 1188 629 ἐγκατέλιπε.
1222 589 1283 618 τα
1311 588 1389 636 μεν
1419 563 1485 620 οὐν
1521 589 1615 640 περι

346 641 677 732 Ἀλκμαίωνα,
679 641 861 693 τοιαῦτα
884 640 1109 712 λεγόμενα
1130 641 1459 715 παρελάβομεν.

418 740 501 792 ργ.
524 717 591 770 Οἱ
610 708 655 768 δε
674 717 874 777 Ἀθηναιοι
899 739 978 768 και
998 720 1017 768 ὁ
1038 718 1295 810 Φορμίων,’
1273 728 1448 791 αραντες
1470 722 1521 772 ἐκ
1545 744 1617 781 της

345 795 644 887 Ἀκαρνανίας,
665 815 743 844 και
769 792 1049 861 αφικομενοι’
1037 815 1077 852 ες
1092 818 1162 855 την
1184 792 1535 851 NmJn-amvs‘
1507 818 1615 868 αμα

345 894 403 944 ηρι
419 867 727 924 κατεπλευσαν
747 871 788 927 ἐς
801 891 883 927 τας
903 867 1092 930 Ἀθηνας
1111 894 1205 928 τους
1223 892 1269 922 τε
1292 867 1518 964 ἐλευθέρους
1536 870 1616 923 τῶν

344 946 651 1016 αἰχμαλώτων
673 947 722 997 ὲκ
742 969 821 999 των
812 960 1106 1042 ναυμαζιων
1122 969 1322 1012 αγοντες,
1347 947 1382 998 οἳ
1404 971 1502 1016 ανηρ
1526 948 1616 1000 art-⁹

345 1020 490 1117 ανδρος
502 1020 734 1082 ἐλύθησαν,
755 1019 834 1074 και
857 1044 940 1080 τας
961 1045 1063 1080 ναυς
1081 1044 1138 1080 ας
1163 1021 1285 1076 εἱλον.
1313 1046 1392 1076 και
1413 1027 1432 1075 ὁ
1451 1046 1616 1093 χειμων

347 1096 550 1152 ἐτελευτα
574 1093 710 1157 οὗτος,
736 1121 815 1151 και
837 1103 959 1189 τρίτον
991 1095 1078 1156 {voc
1105 1123 1166 1152 τω
1194 1096 1384 1173 πολεμω
1415 1096 1618 1153 ετελευτα

345 1175 511 1232 τωδε,
495 1199 532 1228 ον
559 1174 816 1237 Θουκυδίδης
841 1171 1096 1249 ξυνέγραψε.

345 1336 522 1379 tempore
535 1355 548 1374 ,
576 1337 658 1378 quo
682 1333 807 1365 matre
832 1321 940 1364 caesa
967 1335 1051 1364 non
1077 1333 1224 1377 paucos
1241 1336 1372 1366 annos
1391 1334 1619 1374 erraverat,

346 1395 389 1435 &
413 1392 460 1433 ad
481 1392 585 1434 sedes
616 1392 656 1432 in
687 1405 738 1433 eo
763 1391 819 1433 sui
845 1394 1026 1447 corporis
1054 1392 1170 1434 causa
1192 1393 1392 1448 ponendas
1419 1393 1509 1434 satis
1536 1407 1620 1433 am-

344 1465 452 1520 plum
484 1463 559 1505 effe
588 1463 806 1505 videbatur.
838 1462 981 1517 Quare
1003 1477 1095 1505 cum
1117 1464 1158 1504 in
1185 1463 1284 1506 locis
1305 1465 1452 1506 circum
1475 1463 1622 1506 Oenia-

344 1532 410 1573 das
433 1531 513 1573 fitis
537 1531 642 1573 sedes
669 1530 916 1581 collocaffet,
954 1531 1007 1572 ibi
1042 1533 1243 1587 regnavit,
1270 1531 1313 1573 δι.
1339 1532 1389 1572 ab
1413 1531 1621 1574 Acarnane

342 1602 428 1644 filio
449 1602 521 1644 suo
547 1615 693 1644 nomen
717 1603 868 1657 regioni
898 1601 1126 1658 impofitum
1154 1601 1320 1656 reliquit.
1360 1601 1480 1656 Quae
1505 1600 1621 1655 igitur

343 1673 390 1714 de
415 1672 655 1714 Alcmaeone
676 1672 907 1723 traduntur,
933 1672 1032 1714 haec
1057 1671 1165 1719 sunt,
1192 1683 1294 1726 quae
1318 1671 1548 1726 accepimus.

416 1743 521 1785 CIII.
551 1743 806 1785 Athenienses
830 1755 930 1785 vero
961 1743 1003 1783 δι
1029 1742 1215 1784 Phormio
1230 1772 1243 1792 ‚
1266 1740 1474 1782 castris·ex
1495 1738 1619 1780 Acar·

342 1813 455 1853 nania
482 1813 599 1854 motis
613 1841 625 1862 ,
648 1813 690 1854 δι
711 1811 957 1867 Νειιιρειᾶιυῃ
979 1811 1144 1867 profecti
1158 1843 1171 1862 ‚
1195 1813 1355 1852 ineunte
1376 1821 1473 1851 vere
1492 1807 1619 1849 Athe·

342 1896 414 1924 nas
435 1884 628 1925 redierunt
640 1898 654 1933 ;
687 1881 894 1937 secumque
919 1882 1236 1931 duxerunt‘eos‚
1263 1894 1365 1936 quos
1391 1882 1434 1920 in
1462 1878 1618 1934 proeliis

342 1953 548 1996 navalibus
571 1964 775 2010 ceperant,
806 1954 876 2008 qui
899 1951 1001 1993 faeta
1032 1952 1205 2006 capitum
1226 1949 1538 2006 permutatione,
1561 1949 1619 1988 ita

342 2034 388 2065 ut
408 2023 555 2079 smgula
573 2038 646 2080 pro
669 2022 827 2078 fingulis
849 2013 1057 2072 darentur,
1082 2022 1194 2063 liberi
1223 2021 1529 2062 dimittebantur.
1553 2031 1619 2059 na-

342 2107 415 2136 ves
435 2096 549 2135 etiam
570 2095 784 2145 duxerunt,
802 2107 898 2151 quas
917 2103 1114 2149 ceperant.
1139 2092 1275 2148 Atque
1298 2092 1394 2132 haec
1414 2090 1538 2130 hiems
1559 2087 1615 2129 est

341 2163 473 2215 finita,
505 2165 693 2221 huiusque
721 2164 833 2215 belli,
856 2164 966 2220 quod
989 2162 1242 2218 Thucydides
1267 2158 1513 2216 conscripsit,
1538 2169 1615 2200 ter-

342 2232 419 2274 tius
441 2246 562 2276 annus
587 2234 643 2276 est
669 2233 838 2276 exactus.
