1734 3158
331 235 387 283 50
615 220 1309 269 THUCYDIDIS

326 309 593 382 ΝΙεγαρίὸα,
621 333 699 362 και
726 306 916 364 ἷππέων,
941 333 1018 362 και
1048 333 1349 384 πανστρατια,
1376 304 1529 384 μέχρις
1553 306 1602 363 οὐ

327 388 508 438 Νίσαια
533 387 652 438 ἑαλω
676 390 750 438 ὑπ’
776 387 1007 447 Ἀθηναίων.

404 456 502 524 λβ.
542 461 799 526 Ἐτειχίσ-θη
825 455 882 554 δε
898 485 977 514 και
1003 462 1298 523 Ἀταλάντη
1280 467 1354 514 υπ’
1379 463 1601 525 Ἀθηναίων

328 537 533 612 φρουριον,
551 563 620 590 του
596 536 790 611 θέρους
811 563 951 591 τουτου
973 551 1263 597 τελευτωντος,
1289 543 1311 601 ἦ
1335 562 1405 591 επι
1383 535 1601 629 Λοκροις

324 620 407 673 τοῖς
429 614 761 674 Ὀπουντίοις
715 639 830 676 νησ-ος
852 612 977 687 ἐρημη
998 637 1180 688 προτερον
1202 611 1336 670 οὐο-α,
1356 615 1426 667 τοῧ
1440 639 1504 686 μη
1519 628 1600 681 λη-

325 715 436 750 στας
461 689 720 749 ἐκπλέοντας
745 693 790 754 ἐξ
816 690 1052 749 Ὀποῦντος
1076 690 1154 743 καῖ
1176 716 1246 752 της
1268 691 1414 752 ἄλλης
1437 692 1597 762 Λοκρί-

325 769 413 828 ὃος,
443 769 694 857 κακουργεῖν
722 791 789 828 την
819 764 1022 828 Εὔβοιαν.
1051 768 1197 819 ταῦτα
1223 789 1299 838 μεν
1329 770 1364 819 ἐν
1392 766 1454 838 τῷ
1481 765 1599 840 θέρει

325 869 458 916 τουτῳ
483 867 604 914 μετα
632 867 702 904 την
727 843 1113 904 Πελοποννησίων
1103 866 1151 896 εκ,
1175 867 1247 904 της
1271 844 1466 906 Ἀττικης
1490 848 1600 896 ἀνα-

325 945 529 1013 χωρησιν,
559 916 732 985 ἐγένετο.

413 993 509 1063 λγ’.
547 996 638 1048 Τοῧ
668 995 710 1046 δ’
737 989 1058 1089 επιγιγνομενου
1091 993 1322 1065 χειμῶνος,
1349 991 1596 1069 Ευαρχος
1579 1019 1599 1046 ο

329 1071 561 1147 Ἀκαρναν,
581 1071 870 1143 βουλομενος
860 1094 899 1130 ες
920 1096 990 1133 την
996 1062 1220 1124 Αστακον
1242 1074 1483 1128 κατελθεῖν,
1504 1077 1602 1123 πεί-

330 1155 384 1203 θει
401 1150 623 1224 Κορινθίους
641 1147 965 1240 τεσσαράκοντα
985 1170 1107 1200 ναυσι
1123 1171 1202 1200 και
1218 1153 1507 1206 πεντακοσίοις
1522 1170 1603 1199 και

328 1233 487 1291 χιλίοις
513 1230 717 1284 ὁπλίταις
746 1220 887 1276 ἑαυτον
927 1246 1163 1289 καταγειν,
1197 1222 1489 1283 πλευσαντας
1522 1246 1602 1275 και

332 1326 458 1361 αυτος
481 1300 714 1375 ἐπικούρους
735 1323 850 1359 τινας
876 1295 1341 1392 προσεμισθωσατο.
1316 1305 1436 1396 ἦρχον
1461 1291 1506 1351 δε
1530 1323 1602 1360 της

332 1381 539 1453 ο-τρατιᾶς
561 1377 831 1450 Εὐῶαμίδας
851 1399 896 1430 τε
921 1380 940 1428 ὁ
963 1373 1292 1451 Ἀρισ-τωνυμου,
1309 1398 1388 1429 και
1409 1375 1601 1446 Τιμοξε-

1304 1476 1318 1498 0

331 1539 469 1580 agrum
495 1523 763 1580 Megarensem
786 1523 984 1575 fecerunt,
1004 1523 1126 1565 modo
1143 1537 1234 1565 cum
1257 1523 1460 1578 equitatu,
1481 1523 1604 1565 modo

332 1596 448 1637 etiam
470 1610 559 1637 cum
573 1594 743 1637 univerfi
757 1595 896 1651 populi
909 1597 1031 1651 copiis
1041 1627 1054 1646 ,
1070 1595 1195 1636 donec
1206 1596 1243 1635 Ν
1247 1594 1385 1636 isaeam
1407 1606 1605 1650 ceperunt.

387 1665 552 1705 XXXII.
582 1664 833 1705 Athenienses
851 1665 968 1705 etiam
988 1664 1058 1705 sub
1080 1664 1199 1704 finem
1220 1664 1338 1705 huius
1356 1664 1504 1705 aestatis
1515 1664 1607 1706 Ata-

321 1734 478 1782 ,lantam
492 1765 505 1785 ,
528 1734 691 1776 insulam
714 1735 819 1790 apud
842 1736 992 1776 Locros
1013 1735 1213 1791 Opuntios
1227 1767 1239 1787 ,
1267 1748 1367 1790 quae
1391 1737 1497 1790 prius
1522 1747 1606 1778 erat

333 1807 479 1848 deserta
493 1839 506 1858 ,
531 1808 652 1848 muris
675 1808 904 1857 c'mxerunt‚
934 1818 980 1848 ut
1006 1807 1098 1849 esset
1127 1808 1218 1849 beni
1242 1809 1604 1864 propugnaculum3

335 1893 386 1921 ne
409 1880 623 1934 praedones
637 1911 650 1928 ‚
676 1894 726 1921 ex
756 1881 854 1921 urbe
879 1879 1041 1935 Opunte
1065 1881 1108 1922 &
1135 1881 1218 1922 aliis
1244 1882 1462 1922 Locrorum
1495 1881 1608 1936 oppi-

336 1949 394 1988 dis
411 1949 658 2002 navigantes,
681 1949 884 1990 Euboeam
904 1949 1099 1991 maleficiis
1122 1950 1330 1991 afficerent.
1356 1949 1489 2004 Atque
1511 1950 1606 1992 haec

335 2019 490 2074 quidem
511 2020 583 2061 hac
605 2019 746 2061 aestate
769 2020 856 2074 post
879 2020 1250 2075 Peloponnefiorum
1265 2035 1314 2062 ex
1326 2021 1457 2063 Attica
1471 2020 1607 2063 disces-

336 2089 422 2131 sum
450 2089 553 2144 gesta
580 2090 679 2131 sunt.

406 2159 587 2200 XXXIII.
614 2160 843 2215 Insequente
864 2170 994 2201 autem
1017 2160 1165 2212 hieme,
1187 2160 1391 2202 Euarchus
1404 2160 1607 2211 Acarnan,

339 2228 528 2272 Astacum
547 2230 669 2270 redire
687 2231 844 2286 cupiens
855 2262 867 2281 ‚
885 2230 1100 2271 Corinthiis
1119 2229 1318 2286 persuasu,
1338 2241 1384 2271 ut
1402 2244 1492 2272 cum
1511 2244 1610 2286 qua-

338 2301 514 2362 draginta
533 2302 700 2343 navibus
714 2334 726 2353 ,
748 2303 791 2343 &
815 2302 918 2344 mille
939 2303 982 2343 &
1003 2304 1220 2358 quingentis
1240 2304 1370 2357 gravis
1391 2315 1608 2346 armaturae

318 2376 322 2383 '
341 2371 525 2413 militibus
554 2385 605 2414 eo
626 2373 789 2427 profeffi
809 2373 848 2414 se
870 2374 1110 2415 reducerent.
1143 2373 1227 2429 Ipse
1254 2387 1419 2428 quoque
1442 2374 1610 2416 nonnul-

342 2440 403 2480 los
422 2440 517 2481 alios
538 2440 676 2482 milites
698 2444 957 2484 mercenarios
984 2443 1236 2484 conduxerat.
1254 2443 1457 2484 Praeerant
1478 2454 1609 2485 autem

343 2510 404 2551 his
429 2511 549 2567 copiis
575 2511 831 2566 Euphamidas
852 2511 1095 2566 Aristonymi
1109 2543 1123 2562 ,
1147 2512 1189 2554 δι
1210 2512 1453 2555 Timoxenus
1469 2512 1611 2555 Timo-

91 1000 166 1035 Post
185 998 306 1033 Ostob.

148 1046 260 1079 2dum.
