1734 3158
364 206 464 266 iffi
575 203 1443 269 ANNOTATIQNES

369 305 439 336 aut
465 307 548 336 non
572 294 761 335 intellexit
775 325 787 344 ‚
811 305 880 335 aut
903 295 1122 349 depravatis
1151 294 1433 349 exemplaribus
1453 294 1547 336 usus
1571 296 1648 342 ‚ests

367 351 517 390 WAss.
544 349 618 390 Sed
639 350 718 390 vid.
736 359 837 403 quae
855 349 906 388 ibi
926 361 1114 389 annotant
1135 350 1336 402 Xylander
1355 349 1398 389 &
1419 349 1643 392 Casaubon.

369 404 641 457 Hermogenes
672 402 707 443 11
729 404 776 443 de
802 403 932 443 Form.
964 402 1077 443 Orat.
1105 404 1145 443 in
1175 402 1277 452 fine,
1301 404 1349 443 de
1371 403 1447 444 hoc
1472 404 1566 445 loco
1590 405 1646 445 ita

367 456 516 498 scribit:
542 457 572 497 εἰ
594 456 642 497 ἒέ
661 470 734 496 που
760 457 825 496 καὶ
846 455 1082 510 ’γλυκύτητα
1106 457 1197 511 ἔχει
1222 456 1264 511 (ὃ
1288 456 1546 507 Θουκυέίὸης)
1565 458 1648 510 μα.

370 522 491 552 λιστα
511 510 583 563 μὲν
614 508 741 563 ὥσπερ
762 510 958 565 ἄλλότιρὸν
987 526 1026 551 τι
1052 510 1119 552 τῆς
1146 511 1257 551 ἰδέας
1287 508 1410 551 αὐτοῦ
1430 510 1647 559 ἑκφαίνεται

369 567 418 605 τὸ
435 566 545 618 μέρος
571 564 685 605 ἐκεῖνο
719 561 788 605 οἷόν
815 564 899 604 ἐστι
929 565 995 605 καὶ
1015 567 1086 613 τὶ,
1111 566 1222 619 Τηρεῖ
1245 564 1290 604 δὲ
1312 564 1367 615 τῷ
1395 564 1554 618 Πρόκνην
1576 564 1644 608 τὴν

371 618 580 659 Πανδίονος
603 619 681 657 ἀπὸ
701 618 849 658 Ἀθηνῶν
871 633 895 658 o·
938 618 1011 659 ὄντι
1031 619 1201 671 ’γυναῖκα
1216 651 1229 668 ,
1257 619 1321 659 καὶ
1345 621 1390 658 τὸ
1415 618 1507 671 ἔξνῖς.
1529 619 1646 660 Dau-

369 674 421 714 lia
446 674 510 713 hic
530 673 649 721 urbs,
670 685 723 716 an,
745 672 855 725 regio
898 683 950 721 ιτ,
974 672 1125 712 dubitat
1148 674 1263 713 Aem.
1300 672 1452 713 Portus.
1475 673 1547 713 Sed
1573 686 1647 727 po-

369 729 450 767 tius
467 727 561 767 urbs
578 725 645 766 est.
665 726 756 766 Vid.
777 726 1004 781 interpretes
1024 726 1205 780 Stephani
1219 727 1257 767 in
1274 726 1447 777 Δαυλὶς,
1466 728 1508 768 δι
1526 727 1647 771 Brod.

370 782 392 822 Ι
413 780 622 822 Miscellan.
650 794 713 834 32.

428 839 503 875 ead.
530 836 556 874 l.
582 847 641 886 13.
662 831 813 887 Kffsoe)
837 830 960 874 Kisa:
975 864 987 883 ,
1037 846 1085 874 ro
1109 833 1337 888 ἐπιγαμία,
1357 833 1399 875 &
1422 833 1582 885 nussia,
1600 835 1645 876 δι

373 889 611 939 κηὸεὑματα
632 887 735 941 apud
756 884 904 927 Platon.
927 888 969 928 δι
1034 886 1194 928 emosth.
1215 887 1356 928 Pollux
1377 887 1454 939 111,
1473 901 1532 942 30.
1552 889 1647 931 Vid.

374 943 548 996 Hesych.
576 941 783 982 nnsecmi.
809 940 981 994 Dionys.
1005 941 1132 982 Halic.
1156 942 1250 994 718.
1268 944 1415 983 WAss.

431 1005 522 1056 Pag.
542 1018 605 1053 47.
632 1004 656 1043 l.
679 1016 712 1056 5.
743 1002 944 1057 Ξυνελεῒν)
974 1003 1133 1057 Legitur
1153 1003 1267 1043 etiam
1289 1001 1492 1056 ξυνεξελεῖν
1513 1000 1646 1045 αὗτὸν.

374 1058 527 1099 ΒΤΕΡΗ.
553 1058 650 1098 Non
682 1057 793 1097 male.
825 1060 967 1098 WAss.
993 1055 1207 1108 Βουλόμενοι
1245 1056 1346 1107 σφίσι
1373 1059 1430 1105 τὰ,
1458 1057 1487 1098 ἑ.
1521 1064 1564 1098 Θ.
1592 1072 1647 1112 χ.

373 1111 542 1166 ξυνελεῖν
564 1107 681 1152 adnm
704 1112 770 1151 καὶ
793 1110 1010 1165 Περδίκκαν
1033 1111 1267 1152 coniiciebat
1287 1110 1432 1152 Heilm.

428 1175 505 1214 ead.
530 1173 557 1214 l.
585 1188 624 1226 7.
653 1172 853 1226 Σαθοκον)
874 1173 1085 1214 Historiam
1120 1173 1219 1214 hanc
1252 1173 1376 1228 tangit
1399 1171 1649 1229 Aristopham

377 1228 548 1269 Acharn.
579 1240 678 1282 145;
697 1227 765 1268 ubi
784 1227 912 1269 Schol.
935 1227 1129 1268 Σάέωιιον.
1145 1229 1292 1268 WAss.

430 1294 502 1330 ead.
530 1289 616 1330 l.·8.
645 1287 712 1330 Τόν
738 1304 784 1329 τε
813 1312 859 1320 -
879 1289 1141 1342 καταλύσειν)
1165 1288 1294 1330 Affert
1316 1288 1462 1331 Thom.
1491 1289 1644 1343 Magist.

375 1345 418 1384 in
438 1341 681 1394 ὑφίσταμαι,
701 1344 745 1384 δι
760 1354 947 1394 annotat,
964 1345 1083 1384 etiam
1104 1343 1193 1383 alibi
1211 1343 1485 1404 Thucydidem
1508 1343 1550 1384 &
1565 1345 1646 1385 He·
1731 1342 1734 1343 ⁷

374 1399 563 1439 rodotum
594 1393 850 1450 ὑποὸέχομαι
877 1398 1001 1438 dicere
1029 1410 1102 1452 pro
1124 1393 1408 1449 ῦπισχνουμαι.
1431 1397 1496 1438 De
1517 1397 1647 1440 Ther·

378 1466 442 1494 me
464 1453 513 1492 ab
533 1451 831 1493 Athenienfibus
855 1463 965 1506 capta
984 1450 1039 1492 est
1053 1450 1157 1507 supr.
1179 1452 1261 1492 Lib.
1281 1451 1320 1501 1,
1341 1464 1424 1506 cap.
1443 1452 1507 1492 61.

431 1518 506 1554 ead.
529 1515 554 1554 l.
579 1527 638 1554 12.
657 1513 901 1568 Hepst'nnaec)
925 1514 990 1556 De
1009 1514 1078 1556 illo
1102 1515 1145 1557 &
1172 1514 1369 1556 Archelao
1393 1513 1514 1556 multa
1531 1514 1646 1557 Plato
1726 1510 1734 1524 ‘

376 1569 419 1609 in
439 1568 564 1622 Gorg.
595 1581 697 1622 quae
717 1567 978 1610 Historiarum
998 1569 1261 1610 conditoribus
1288 1568 1420 1609 latent.
1439 1582 1526 1624 pag.
1553 1583 1644 1623 321.
1726 1569 1734 1587 ³

375 1621 529 1664 Confer
553 1621 721 1663 Diodor.
745 1637 782 1677 p.
806 1623 895 1672 416.
919 1625 1065 1664 WAss.
1084 1623 1132 1664 Et
1147 1622 1248 1678 supr.
1267 1622 1315 1663 ad
1336 1621 1377 1672 Ι,
1406 1635 1466 1675 ς7.
1731 1632 1734 1648 ·

433 1683 525 1736 Pag.
552 1682 616 1731 48.
642 1683 667 1723 l.
696 1695 729 1735 5.
760 1681 1018 1738 Παλιρεῧσιν)
1045 1682 1300 1739 Παλαιρεῦσιν
1324 1683 1475 1725 Strabo.
1497 1685 1649 1727 WAss.'

376 1737 507 1781 Locus
526 1736 726 1778 Strabonis
748 1736 801 1778 est
829 1738 910 1778 Lib.
932 1739 994 1788 X,
1017 1751 1104 1792 pag.
1128 1751 1219 1792 459.
1241 1737 1402 1778 Palmer.
1423 1736 1476 1777 111
1503 1736 1645 1779 Graec.
1725 1735 1734 1787 ξ

378 1792 514 1845 Antiq.
543 1804 585 1830 11
602 1822 618 1839 ‚
639 1792 682 1832 δι
705 1791 845 1831 Cellar.
870 1791 904 1832 II
927 1791 1153 1847 Geograph.
1178 1792 1317 1846 Antiq.
1342 1805 1384 1845 ¹3
1403 1822 1416 1840 ,
1432 1791 1644 1846 putabant,
1726 1796 1732 1801 '

375 1846 513 1886 urbem
527 1874 540 1891 ,
564 1858 665 1898 quae
686 1844 867 1887 Straboni
890 1845 945 1886 est
970 1846 1186 1899 Παλαιρος,
1205 1845 1435 1898 Thucydidi
1459 1844 1535 1886 effe
1561 1845 1647 1892 l'lo'eq
1728 1843 1734 1890 ,ἶ

376 1911 485 1954 λιρον.
513 1899 588 1939 Sed
611 1911 692 1939 non
711 1899 886 1941 viderant
904 1899 1023 1940 libros
1043 1899 1203 1955 scriptos
1218 1898 1478 1952 Thucydidis.
1721 1918 1734 1938 ,ι

431 1964 506 2001 ead.
522 1962 545 2001 l.
559 1961 820 2009 6.”Αστακον)
839 1961 903 2001 Ad
923 1960 1089 2002 Acheloi
1107 1960 1249 2002 ostium
1268 1961 1307 2000 in
1329 1959 1551 2001 Acarnania
1569 1973 1646 2054 p?-
1723 1962 1729 1970 ⁹

378 2016 439 2056 nit
454 2014 614 2068 Scylax,
633 2015 714 2055 vid.
733 2015 890 2056 Livium
909 2016 1063 2056 XXXV
1069 2014 1144 2063 111,
1166 2028 1226 2056 11.
1245 2014 1301 2055 lbi
1320 2014 1474 2061 colonia
1490 2013 1574 2068 Cep
1601 2028 1646 2054 a·
1729 2036 1732 2037 ν

376 2070 515 2110 leniae.
538 2068 604 2109 De
627 2068 852 2123 Melanippo
871 2068 999 2110 Astaci
1020 2069 1214 2110 cuiusdam
1236 2067 1321 2109 filio
1341 2066 1497 2110 consule
1515 2068 1645 2109 Hero-

377 2124 519 2163 dotum
534 2124 591 2171 V,
605 2123 668 2173 67.
683 2122 748 2162 De
762 2123 885 2164 altero
898 2123 1106 2176 Bithyniae
1120 2122 1320 2164 Cedrenus
1345 2135 1433 2171 177,
1446 2120 1644 2163 Ammian.
1722 2156 1729 2159 s.

377 2177 515 2226 XXII,
537 2175 582 2226 8,
608 2175 905 2218 Cantacuzenus
927 2190 999 2231 273
1014 2209 1027 2227 ,
1052 2178 1207 2218 Nicetas
1231 2189 1319 2230 233.
1342 2177 1489 2216 WAss.

434 2240 511 2276 ead.
535 2236 561 2276 l.
593 2249 651 2276 ιι.
677 2236 841 2288 Humi}
867 2237 944 2278 &c-
997 2237 1234 2291 Scripturam
1263 2236 1378 2276 huius
1406 2234 1482 2274 loci
1503 2247 1647 2289 expen-

379 2289 436 2330 dit
453 2290 683 2343 Sylburgius
702 2291 741 2330 in
755 2291 869 2331 Notis
883 2291 930 2331 ad
975 2291 1116 2344 tymol.
1136 2290 1193 2331 M.
1211 2303 1250 2344 p.
1273 2302 1336 2342 30.
1352 2288 1443 2328 Vid.
1458 2288 1644 2329 Tzetzem
1715 2293 1729 2338 {3

381 2344 432 2384 ad
452 2344 652 2397 Lycophr.
678 2358 717 2383 v.
739 2359 791 2398 79
802 2359 829 2384 1.
848 2344 1004 2385 Παλέων
1025 2357 1114 2384 curn
1136 2343 1294 2397 simplici
1316 2354 1342 2382 λ
1361 2340 1415 2383 est
1433 2342 1536 2395 apud
1554 2342 1648 2383 Rei·
1712 2351 1714 2353 ·

380 2397 528 2439 nestum
550 2398 592 2436 in
617 2397 786 2452 Inscript.
812 2397 889 2447 111,
909 2398 982 2449 85:
1008 2402 1158 2437 ΠΟΛΙΣ
1181 2400 1370 2436 ΠΑΛΕΩΝ
1394 2399 1487 2435 ΤΗΣ
1509 2399 1648 2435 ΚΕΦΑ.
1715 2423 1724 2434 .

381 2454 567 2490 ΛΑΝΙΑΣ.
585 2450 729 2491 WAss.
754 2451 851 2492 Add.
870 2452 916 2492 de
935 2451 1011 2492 hoc
1029 2451 1120 2492 loco
1138 2449 1316 2491 Holsten.
1335 2449 1382 2490 ad
1402 2448 1580 2502 Stephan.
1601 2450 1645 2490 in
1710 2490 1712 2495 ,

380 2506 543 2560 Κρὰνιον.
564 2502 629 2544 De
651 2506 815 2561 Κρανίοις
828 2505 1033 2562 spanhem.
1056 2504 1214 2546 Differt.
1235 2504 1296 2546 IX
1312 2503 1358 2545 de
1379 2502 1583 2545 Praestant.
1601 2503 1647 2545 δι
