1734 3158
383 195 477 258 284
669 195 1355 246 THUCYDIDIS

378 317 470 351 τους
488 294 538 346 ὲκ
554 317 624 355 της
644 289 763 384 vn‘cr'ov
788 285 1147 355 ἀναλάβω-ιη’
1122 318 1146 354 η
1165 316 1244 346 και
1263 291 1385 346 ἄλλο
1405 312 1445 346 τι
1464 295 1639 368 νεωτερί-

377 392 513 426 σωσι,
533 393 625 428 τους
648 391 694 422 τε
716 371 765 421 ὲκ
785 393 856 430 της
881 393 999 431 νηο-ου
1018 369 1174 423 παλαι
1196 373 1235 428 ἐς
1252 394 1298 421 το
1318 370 1511 463 Ηραῖον
1507 371 1639 422 διεκό-

376 469 534 517 μισ-αν,
552 469 630 499 και
649 469 720 507 την
734 445 860 498 πολιν
877 443 1144 509 ἐφυλαο-σον.
1171 452 1205 498 οἱ
1224 447 1295 498 δ”
1285 468 1355 498 ενι-ι
1374 468 1450 514 μεν
1467 470 1537 508 την
1557 446 1638 498 πᾶ-

376 534 444 575 λιν
463 526 539 574 οὐκ
557 522 800 592 ἐτόλμησαν
814 522 1032 578 πλεῧά-αι,
1053 523 1293 596 κρατοῧντες
1309 546 1357 588 τη
1378 528 1637 595 ναυμαχία,

375 601 476 672 τρεῖς
494 590 540 650 δε
559 621 636 650 και
662 594 771 649 ὃεκα
793 620 894 656 ναυς
919 594 1082 661 ἔχοντες
1108 623 1186 652 των
1210 599 1496 673 Κερκυραίων,
1524 596 1638 651 ἀνι-ε’-

375 688 575 727 πλευσαν
590 677 629 732 ἐς
643 698 712 735 την
702 674 906 765 ἤπειρον,
926 673 1124 763 ὁθενπ-ερ’
1101 675 1383 740 ανηγοίγοντο.
1397 699 1444 740 τῃ
1422 675 1533 726 Ἡὲ
1514 697 1640 727 υο-τε-

373 756 479 822 ραία
498 773 568 802 ενι-ι
586 772 662 821 μεν
676 773 745 811 την
763 748 890 802 πολιν
909 742 1016 804 οὐὸεν
1029 753 1208 820 μᾶλλον
1230 748 1458 807 ἓπεπλεον,
1479 756 1640 818 καίπερ

375 849 412 878 εν
444 830 595 890 πολλῆ
628 848 804 899 ταραχῃ
847 848 925 877 και
964 825 1165 898 φίβῳ”
1137 849 1280 886 οντας,
1313 851 1393 880 και
1431 828 1639 917 Βρασίδου

375 904 686 992 παραινοῦντος,
708 903 763 959 ὡς
781 916 990 967 matema,
1014 902 1228 959 Ἀλκίδα,
1249 901 1469 970 ἰσοψηφου
1498 895 1543 955 δε
1565 907 1641 955 οὐκ

373 977 492 1037 οντος·
522 977 592 1031 ἐπ-ι
623 971 666 1030 δε
693 1001 762 1039 την
777 974 1076 1050 Λευκίμνην
1034 1003 1080 1032 το
1099 977 1341 1054 ἀκρωτήριον
1362 979 1636 1042 αποβαντες,

373 1054 557 1146 επορθουν
574 1078 667 1112 τους
686 1052 857 1120 αγρους.

447 1156 510 1184 π.
537 1131 600 1184 O
627 1121 671 1183 δε
662 1129 826 1222 ὃημος
850 1154 930 1184 των
954 1131 1254 1206 Κερκυραίων’
1241 1153 1278 1185 εν
1301 1129 1434 1205 τούτῳ
1456 1125 1639 1224 περιδεης

372 1207 589 1301 γενόμενος
623 1231 687 1279 μη
720 1205 1039 1261 επιπλευσ-ωσ-ιν
1070 1215 1118 1261 αἱ
1149 1231 1255 1270 νηες,
1289 1212 1370 1268 τοῖς
1399 1231 1445 1261 τε
1477 1206 1638 1267 ἱκέταις

372 1306 499 1351 neo-ow
518 1306 558 1342 ες
584 1283 767 1351 λογους,
795 1306 874 1336 και
901 1287 984 1342 τοῖς
1013 1282 1193 1344 ἄλλοις,
1214 1283 1328 1344 ὅπως
1351 1282 1635 1347 σωθησεται
1613 1310 1637 1347 η

367 1444 452 1480 res,
470 1431 606 1474 infesta
623 1430 734 1473 classe
751 1441 889 1474 contra
906 1430 944 1474 se
957 1432 1135 1474 venirent
1145 1462 1157 1483 ,
1171 1432 1213 1474 &
1229 1432 1370 1474 urbem
1388 1432 1638 1481 invaderent,

367 1511 435 1542 aut
460 1514 509 1542 ex
543 1500 665 1542 insula
689 1514 760 1544 eos
789 1511 1040 1558 exportarent
1053 1533 1066 1553 ,
1095 1513 1164 1543 aut
1187 1502 1292 1545 aliud
1314 1503 1508 1559 quidpiam
1538 1504 1637 1545 novi

367 1570 620 1620 molirentur3
641 1583 712 1625 eos
725 1603 737 1621 ‚
759 1584 861 1626 quos
880 1585 932 1613 eo
957 1571 1240 1613 transmiserant
1252 1602 1267 1621 ‚
1286 1572 1392 1614 illinc
1418 1573 1458 1613 in
1473 1572 1637 1613 Iunonis

365 1641 553 1697 templum
570 1640 702 1684 rursus
720 1653 970 1698 reportarunt
982 1672 995 1692 ‚
1019 1642 1062 1683 &
1081 1642 1219 1683 urbem
1241 1641 1518 1684 custodiebant.
1539 1643 1636 1684 Ho-

365 1711 438 1753 stes
459 1726 558 1754 vero
571 1743 582 1762 ‚
605 1714 785 1768 quamvis
805 1727 874 1755 eos
893 1713 1024 1755 navali
1046 1713 1198 1769 proelio
1221 1712 1478 1768 superaffent‚
1501 1714 1551 1754 ad
1568 1727 1633 1754 ur-

363 1783 454 1824 bem
474 1794 602 1825 tamen
621 1785 801 1826 accedere
819 1797 903 1825 non
923 1783 1012 1825 sunt
1028 1784 1130 1825 aufi:
1152 1782 1215 1824 sed
1228 1797 1318 1824 cum
1335 1783 1517 1825 tredecim
1532 1783 1634 1824 Cor-

362 1868 601 1909 cyraeorum
617 1855 803 1904 navibus,
824 1867 921 1910 quas
940 1865 1123 1910 ceperant
1137 1885 1150 1904 ,
1173 1855 1214 1894 in
1235 1854 1496 1895 continentem
1518 1854 1631 1894 navi-

363 1936 526 1979 garunt,
546 1925 647 1966 unde
665 1936 868 1967 venerant.
888 1925 1070 1966 Postridie
1087 1937 1188 1966 vero
1210 1923 1336 1964 nihilo
1356 1924 1477 1978 magis
1493 1923 1632 1964 urbem

360 1995 495 2037 infesta
516 1995 626 2037 claffe
646 1997 840 2051 petierunt
853 2026 865 2045 ,
888 1995 975 2037 licet
992 2008 1129 2037 omnes
1151 1995 1233 2036 eius
1255 1993 1407 2035 incolae
1429 1995 1468 2035 in
1490 2007 1631 2048 magna

361 2066 654 2122 perturbatione
682 2067 723 2107 &
747 2066 999 2122 trepidatione
1021 2064 1162 2113 essent,
1184 2064 1272 2107 licet
1295 2065 1412 2106 etiam
1437 2064 1631 2115 Brafidas,

362 2147 407 2177 ut
429 2135 574 2184 fertur,
600 2136 775 2177 Alcidam
797 2137 845 2178 ad
865 2137 941 2178 hoc
974 2136 1266 2184 adhortaretur3
1295 2135 1480 2189 quamvis
1497 2147 1632 2176 nume-

361 2217 409 2245 ro
431 2203 700 2258 fiuffragiorum
723 2205 814 2246 esset
835 2204 1017 2246 inferior:
1041 2203 1104 2245 sed
1129 2205 1169 2244 in
1192 2203 1507 2259 promontorium
1527 2203 1629 2245 Leu-

360 2275 526 2316 cimnam
547 2289 597 2315 ex
617 2276 784 2317 navibus
807 2275 966 2331 egreffi‚
987 2288 1102 2330 agros
1119 2275 1334 2317 vastarunt.

361 2364 365 2368 ·
413 2345 572 2385 LXXX.
596 2345 745 2386 Interea
757 2359 858 2387 vero
871 2346 1194 2399 Corcyraeorum
1207 2343 1377 2399 populus
1388 2375 1402 2394 ,
1416 2342 1628 2385 vehemen-

360 2427 419 2458 ter
436 2427 611 2458 metuens
623 2447 634 2466 ,
655 2429 703 2457 ne
714 2416 1087 2471 Peloponnesiorum
1106 2414 1228 2456 claffis
1246 2414 1383 2457 urbem
1403 2415 1626 2462 invaderet,

358 2500 450 2530 cum
476 2486 730 2543 supplicibus,
760 2487 917 2543 aliisque
936 2489 980 2531 -in
1003 2485 1243 2543 colloquium
1271 2487 1319 2529 de
1345 2488 1500 2530 civitate
1528 2501 1627 2528 con-
