1734 3158
393 233 485 292 164
679 228 1368 277 THUCYDIDIS

390 340 446 394 λνι
465 327 725 418 παρασκευη
729 329 964 417 κρείσσονι,
988 349 1011 386 η
994 316 1278 414 ξύμπαντες
1300 330 1336 377 οἶ
1361 323 1497 378 ἄλλοι
1515 328 1658 390 βασι-

391 406 481 461 λεις
494 395 603 454 ὀκτω
623 406 657 453 οἱ
671 424 750 474 προ
762 401 892 453 αὐτου
907 422 1128 472 γενομενοι.
1143 406 1162 453 ὁ
1183 393 1227 453 δε
1243 423 1436 494 στρατος
1434 426 1511 455 των
1524 404 1657 477 Θρα-

391 502 474 531 κων
494 481 543 530 ὲκ.
556 501 628 539 της
643 474 839 561 Δοβηρου
859 474 1053 538 ἐσέβαλε
1073 501 1230 550 πρωτον
1245 500 1321 548 μεν
1338 481 1378 536 ἐς
1391 502 1462 540 την
1485 479 1659 532 Φιλίπ-

393 579 476 607 που
489 553 671 628 πρότερον
685 559 813 605 οὐσαν
827 546 961 641 ἀρχην
970 591 982 608 ,
1000 576 1077 605 και
1093 553 1198 607 εἱλεν
1212 546 1492 625 Εἰδομένην
1441 577 1518 626 μεν
1531 577 1659 608 κατα

388 630 540 704 κράτος
551 667 563 685 ,
581 630 798 703 Γορτυνίαν
812 619 856 680 δε
866 665 878 683 ‚
895 652 973 680 και
990 630 1276 691 Ἀταλάντην,
1293 654 1372 682 και
1386 629 1525 683 ἄλλα
1540 631 1661 684 ἅττα

391 713 554 780 χωρία,
582 710 824 777 ὁμολογία,
849 699 988 756 δια
943 728 1011 766 την
1035 703 1243 777 'Apum-ov
1270 713 1427 768 φιλίαν
1452 730 1659 797 προσ-χω-

391 806 556 857 ρουντα,
576 805 647 833 του
671 782 901 833 Φιλίππου
924 777 1025 839 υἷέος
1042 786 1254 854 παρόντος.
1277 779 1498 873 Εὐρωπον
1492 774 1571 834 δί’
1559 806 1660 836 επο-

392 859 619 949 λιορκησαν
641 879 736 928 μεν,
759 857 863 908 ἑλειν
882 848 929 908 de
954 861 1030 908 οὐκ
1053 856 1293 919 ἦδυναντο.
1281 855 1435 910 ἔπειτα
1458 851 1504 910 δε
1522 882 1600 911 και
1617 861 1662 918 ’ἒς

394 960 462 997 την
479 935 621 996 ἄλλην
637 933 909 985 Μακεδονίαν
925 933 1153 1026 προύχωρει
1173 958 1243 996 την
1263 936 1299 987 ἓν
1315 939 1516 1008 αμα-τερα
1484 933 1660 988 Πέλ-

389 1025 469 1072 λης
496 1033 574 1063 και
604 1007 816 1082 ΚυῤῥουᾸ
805 1006 889 1061 ἔσω
917 1002 963 1061 de
988 1033 1138 1063 τουτων
1165 1013 1205 1069 ἐς
1232 1034 1299 1072 την
1327 1011 1552 1064 Βοττιαίαν
1579 1034 1660 1065 και
1728 1009 1734 1013 ’

392 1088 573 1161 Πιερίαν
597 1090 671 1138 οὐκ
705 1090 935 1148 αφίκοντο,
966 1082 1102 1138 οὶλλα
1131 1112 1200 1149 την
1223 1109 1269 1140 τε
1297 1087 1550 1153 Μυγδονίαν
1579 1111 1658 1141 και

393 1164 457 1237 sp
437 1184 720 1254 ρηστωνιαν
682 1184 761 1214 και
788 1161 1068 1233 Ἀνθεμουντα
1094 1156 1236 1230 {duim
1269 1168 1304 1215 οἱ
1335 1154 1380 1215 δε
1411 1164 1660 1223 Manedum

393 1241 511 1312 πεζῷ
534 1260 610 1309 μεν
636 1229 727 1290 οὐδε
747 1238 952 1291 διενοοῦντο
980 1236 1303 1309 αμυνεσθαι,“’
1282 1263 1438 1299 cnm-avg
1457 1232 1503 1292 δε
1526 1264 1660 1315 προσ-
1729 1239 1734 1287 f'

395 1313 796 1386 μεταπεμψαμενοι
815 1311 907 1366 ἀπο
929 1339 1008 1367 των
1029 1314 1114 1367 ἅνω
1139 1315 1466 1386 ξυμμάχων,
1441 1341 1522 1378 σφι-η
1548 1318 1665 1369 δοκοῖ

391 1398 534 1461 ὀλίγοι
555 1414 657 1464 προς
680 1388 872 1450 πολλους
900 1388 1184 1454 ἐσέβαλλον
1173 1415 1213 1452 ες
1234 1416 1279 1445 το
1306 1414 1559 1466 στρατευμα
1579 1417 1659 1447 των

391 1549 482 1579 ratu
495 1570 508 1588 ‚
532 1538 650 1592 longe
681 1538 816 1579 melius
843 1551 961 1593 quam
986 1539 1103 1580 ceteri
1135 1552 1271 1580 omnes
1296 1539 1390 1582 oaeto
1419 1553 1531 1595 reges
1545 1572 1558 1591 ‚
1589 1542 1657 1596 qui

389 1624 482 1652 eum
507 1609 792 1651 antecesserant.
814 1610 1015 1652 Exercitus
1037 1624 1137 1653 vero
1161 1611 1358 1653 Thracum
1377 1611 1546 1654 Dobero
1564 1627 1658 1668 pro-

388 1681 538 1732 feaus,
563 1683 731 1738 primum
756 1681 913 1736 quidem
934 1682 1071 1737 irrupit
1092 1683 1133 1723 in
1157 1695 1347 1737 regnum,
1368 1684 1478 1739 quod
1498 1684 1659 1740 Philippi

388 1755 498 1809 prius
526 1765 631 1803 erat,
659 1753 701 1794 &
723 1753 937 1794 Idomenen
965 1753 1122 1807 quidem
1144 1765 1214 1808 per
1236 1754 1319 1794 vim
1346 1754 1446 1809 cepit
1459 1785 1471 1804 ,
1501 1753 1659 1807 Gorty-

389 1823 495 1863 niam
513 1836 636 1871 vero,
657 1823 700 1863 δι
720 1821 942 1863 Atalantam
956 1853 969 1872 ‚
998 1821 1040 1862 δι
1065 1822 1138 1862 alia
1159 1822 1347 1876 quaedam
1366 1822 1510 1878 oppida
1535 1824 1575 1863 in
1593 1824 1660 1864 de·
1726 1848 1734 1855 ·

389 1891 577 1933 ditionem
605 1907 651 1934 ac
684 1892 799 1934 fidem
831 1892 975 1946 recepit
989 1922 1002 1941 ,
1031 1905 1131 1946 quae
1155 1891 1193 1933 se
1222 1891 1290 1948 ipsl
1318 1893 1579 1935 adiunxerant
1602 1895 1659 1935 ob

390 1964 596 2003 amicitiam
618 1963 820 2017 Amyntae
833 1994 846 2014 ,
875 1964 945 2018 qui
974 1973 1055 2004 erat
1079 1963 1240 2018 Philippi
1265 1962 1389 2014 filius,
1411 1964 1454 2006 &
1473 1964 1542 2020 qui
1563 1975 1659 2006 tunc

389 2034 446 2074 ibi
469 2034 612 2075 aderat.
642 2034 845 2089 Europum
869 2041 999 2076 autem
1019 2045 1316 2090 oppugnarunt:
1346 2033 1410 2075 sed
1435 2048 1657 2090 expugnare

390 2117 474 2145 non
492 2115 716 2160 potuerunt.
750 2105 902 2146 Deinde
926 2118 1027 2147 vero
1049 2105 1092 2146 δι
1111 2105 1151 2145 in
1173 2105 1360 2161 reliquam
1383 2105 1657 2146 Macedoniam

390 2173 596 2234 processst,
621 2187 725 2229 quae
759 2174 807 2216 ad
828 2174 953 2215 Pellae
989 2174 1214 2229 Cyrrhique
1239 2174 1411 2215 dextram
1441 2174 1550 2215 iacet.
1582 2174 1656 2215 Sed

388 2245 491 2285 intra
502 2246 616 2296 haec,
631 2247 671 2286 in
682 2247 900 2287 Bottiaeam
919 2246 1133 2287 &Pieriam
1150 2258 1233 2287 non
1254 2245 1461 2286 intrarunt:
1480 2254 1519 2285 at
1534 2245 1660 2300 Myg-

388 2315 544 2356 doniam
558 2348 570 2367 ‚
595 2317 865 2365 Grestoniam‚
892 2317 935 2358 &
953 2317 1260 2358 Anthemuntem
1282 2316 1532 2371 diripuerunt.
1567 2316 1658 2356 Ma-

389 2386 556 2428 cedones
579 2400 680 2428 vero
700 2399 749 2428 ne
769 2388 990 2441 cogitarunt
1011 2386 1165 2440 quidem
1191 2386 1361 2441 peditatu
1382 2384 1576 2435 refistere3
1593 2385 1656 2427 sed

389 2455 517 2496 accito
534 2456 710 2510 equitatu
731 2469 755 2495 a
775 2454 905 2505 sociis,
926 2455 993 2510 qui
1013 2455 1098 2496 loca
1118 2455 1396 2495 mediterranea
1412 2453 1656 2504 incolebant,

391 2523 462 2566 ubi
482 2523 688 2568 videbatur
711 2523 986 2575 commodum,
1006 2525 1119 2580 pauci
1145 2524 1290 2566 multos
1313 2523 1457 2575 adorti,
1473 2524 1511 2564 in
1533 2522 1656 2579 ipsum
