<?xml version="1.0" encoding="UTF-8"?>
<!DOCTYPE html PUBLIC "-//W3C//DTD XHTML 1.0 Transitional//EN"
    "http://www.w3.org/TR/xhtml1/DTD/xhtml1-transitional.dtd">
<html xmlns="http://www.w3.org/1999/xhtml" xml:lang="en" lang="en">
 <head>
  <title>
</title>
<meta http-equiv="Content-Type" content="text/html;charset=utf-8" />
  <meta name='ocr-system' content='tesseract 3.04.00' />
  <meta name='ocr-capabilities' content='ocr_page ocr_carea ocr_par ocr_line ocrx_word'/>
</head>
<body>
  <div class='ocr_page' id='page_1' title='image "./debellopeloponn02thucuoft_0544.png"; bbox 0 0 1734 3158; ppageno 0'>
   <div class='ocr_carea' id='block_1_1' title="bbox 339 172 1422 237">
    <p class='ocr_par' dir='ltr' id='par_1_1' title="bbox 339 172 1422 237">
     <span class='ocr_line' id='line_1_1' title="bbox 339 172 1422 237; baseline -0.014 1"><span class='ocrx_word' id='word_1_1' title='bbox 339 189 431 237; x_wconf 80' lang='lat'>534</span> <span class='ocrx_word' id='word_1_2' title='bbox 543 172 1422 223; x_wconf 85' lang='lat' dir='ltr'><strong>ANNOTATIONES</strong></span> 
     </span>
    </p>
   </div>
   <div class='ocr_carea' id='block_1_2' title="bbox 333 258 1628 1562">
    <p class='ocr_par' dir='ltr' id='par_1_2' title="bbox 333 258 1628 1492">
     <span class='ocr_line' id='line_1_2' title="bbox 334 258 1615 319; baseline 0.005 -20"><span class='ocrx_word' id='word_1_3' title='bbox 334 259 384 308; x_wconf 73' lang='lat' dir='ltr'>ab</span> <span class='ocrx_word' id='word_1_4' title='bbox 410 258 711 301; x_wconf 71' lang='lat' dir='ltr'>Atheniensibus</span> <span class='ocrx_word' id='word_1_5' title='bbox 735 260 950 302; x_wconf 84' lang='lat' dir='ltr'>libertatem</span> <span class='ocrx_word' id='word_1_6' title='bbox 977 261 1177 310; x_wconf 60' lang='lat' dir='ltr'>relictam,</span> <span class='ocrx_word' id='word_1_7' title='bbox 1201 259 1262 304; x_wconf 84' lang='lat' dir='ltr'>sed</span> <span class='ocrx_word' id='word_1_8' title='bbox 1294 262 1484 319; x_wconf 84' lang='lat' dir='ltr'>plerisque</span> <span class='ocrx_word' id='word_1_9' title='bbox 1511 273 1615 306; x_wconf 72' lang='lat' dir='ltr'>cete-³</span> 
     </span>
     <span class='ocr_line' id='line_1_3' title="bbox 333 313 1618 372; baseline 0.004 -18"><span class='ocrx_word' id='word_1_10' title='bbox 333 315 386 354; x_wconf 88' lang='lat' dir='ltr'>ris</span> <span class='ocrx_word' id='word_1_11' title='bbox 402 313 512 355; x_wconf 89' lang='lat' dir='ltr'>sociis</span> <span class='ocrx_word' id='word_1_12' title='bbox 525 313 751 356; x_wconf 83' lang='lat' dir='ltr'>servitutem</span> <span class='ocrx_word' id='word_1_13' title='bbox 764 314 983 369; x_wconf 76' lang='lat' dir='ltr'>impositam</span> <span class='ocrx_word' id='word_1_14' title='bbox 1002 315 1088 357; x_wconf 87' lang='lat' dir='ltr'>effe.</span> <span class='ocrx_word' id='word_1_15' title='bbox 1108 317 1155 357; x_wconf 93' lang='lat' dir='ltr'>In</span> <span class='ocrx_word' id='word_1_16' title='bbox 1176 316 1236 357; x_wconf 88' lang='lat' dir='ltr'>his</span> <span class='ocrx_word' id='word_1_17' title='bbox 1250 316 1400 367; x_wconf 91' lang='lat' dir='ltr'>deinde,</span> <span class='ocrx_word' id='word_1_18' title='bbox 1416 319 1482 358; x_wconf 70' lang='grc' dir='ltr'>καὶ</span> <span class='ocrx_word' id='word_1_19' title='bbox 1499 333 1618 372; x_wconf 71' lang='grc' dir='ltr'><strong><em>προσ-</em></strong></span> 
     </span>
     <span class='ocr_line' id='line_1_4' title="bbox 335 363 1615 427; baseline 0.005 -20"><span class='ocrx_word' id='word_1_20' title='bbox 335 367 588 420; x_wconf 73' lang='grc' dir='ltr'><strong><em>ξυνελάβοντο</em></strong></span> <span class='ocrx_word' id='word_1_21' title='bbox 615 363 681 408; x_wconf 76' lang='grc' dir='ltr'>οὔκ.</span> <span class='ocrx_word' id='word_1_22' title='bbox 706 370 923 423; x_wconf 72' lang='grc' dir='ltr'><strong><em>ἐλάχιστον</em></strong></span> <span class='ocrx_word' id='word_1_23' title='bbox 953 368 1022 411; x_wconf 66' lang='grc' dir='ltr'>τῆς</span> <span class='ocrx_word' id='word_1_24' title='bbox 1048 369 1158 424; x_wconf 72' lang='grc' dir='ltr'><strong><em>ὃρμὶἷς</em></strong></span> <span class='ocrx_word' id='word_1_25' title='bbox 1170 401 1185 419; x_wconf 91' lang='grc'><strong><em>,</em></strong></span> <span class='ocrx_word' id='word_1_26' title='bbox 1212 383 1316 425; x_wconf 85' lang='lat' dir='ltr'>aqua</span> <span class='ocrx_word' id='word_1_27' title='bbox 1341 372 1615 427; x_wconf 80' lang='lat' dir='ltr'><strong>interpretibus</strong></span> 
     </span>
     <span class='ocr_line' id='line_1_5' title="bbox 337 421 1617 468; baseline 0.004 -5"><span class='ocrx_word' id='word_1_28' title='bbox 337 421 469 463; x_wconf 85' lang='lat' dir='ltr'>haefit.</span> <span class='ocrx_word' id='word_1_29' title='bbox 501 421 618 463; x_wconf 88' lang='lat' dir='ltr'>Valla</span> <span class='ocrx_word' id='word_1_30' title='bbox 644 436 691 463; x_wconf 88' lang='lat' dir='ltr'>ea</span> <span class='ocrx_word' id='word_1_31' title='bbox 723 424 764 463; x_wconf 90' lang='lat' dir='ltr'>in</span> <span class='ocrx_word' id='word_1_32' title='bbox 788 423 968 466; x_wconf 81' lang='lat' dir='ltr'>verslone</span> <span class='ocrx_word' id='word_1_33' title='bbox 993 425 1130 465; x_wconf 85' lang='lat' dir='ltr'>Latina</span> <span class='ocrx_word' id='word_1_34' title='bbox 1179 425 1358 467; x_wconf 83' lang='lat' dir='ltr'>raeteriit.</span> <span class='ocrx_word' id='word_1_35' title='bbox 1386 425 1495 467; x_wconf 84' lang='lat' dir='ltr'>Porti</span> <span class='ocrx_word' id='word_1_36' title='bbox 1524 439 1617 468; x_wconf 82' lang='lat' dir='ltr'>ver·</span> 
     </span>
     <span class='ocr_line' id='line_1_6' title="bbox 337 475 1616 535; baseline 0.005 -19"><span class='ocrx_word' id='word_1_37' title='bbox 337 475 396 516; x_wconf 86' lang='lat' dir='ltr'>fio</span> <span class='ocrx_word' id='word_1_38' title='bbox 413 475 572 530; x_wconf 79' lang='lat' dir='ltr'>intelligi</span> <span class='ocrx_word' id='word_1_39' title='bbox 586 489 667 517; x_wconf 90' lang='lat' dir='ltr'>non</span> <span class='ocrx_word' id='word_1_40' title='bbox 681 478 819 532; x_wconf 87' lang='lat' dir='ltr'>potest.</span> <span class='ocrx_word' id='word_1_41' title='bbox 843 478 942 518; x_wconf 81' lang='lat' dir='ltr'>Nam</span> <span class='ocrx_word' id='word_1_42' title='bbox 960 478 1081 520; x_wconf 85' lang='lat' dir='ltr'>claflis</span> <span class='ocrx_word' id='word_1_43' title='bbox 1099 478 1151 519; x_wconf 90' lang='lat' dir='ltr'>Pe</span> <span class='ocrx_word' id='word_1_44' title='bbox 1165 493 1193 519; x_wconf 95' lang='lat' dir='ltr'>o</span> <span class='ocrx_word' id='word_1_45' title='bbox 1220 479 1495 529; x_wconf 86' lang='lat' dir='ltr'>onnefiorum,</span> <span class='ocrx_word' id='word_1_46' title='bbox 1512 494 1616 535; x_wconf 89' lang='lat' dir='ltr'>quae</span> 
     </span>
     <span class='ocr_line' id='line_1_7' title="bbox 337 529 1621 586; baseline 0.004 -15"><span class='ocrx_word' id='word_1_47' title='bbox 337 543 420 571; x_wconf 89' lang='lat' dir='ltr'>non</span> <span class='ocrx_word' id='word_1_48' title='bbox 447 532 570 571; x_wconf 92' lang='lat' dir='ltr'>modo</span> <span class='ocrx_word' id='word_1_49' title='bbox 603 531 668 571; x_wconf 86' lang='lat' dir='ltr'>diu</span> <span class='ocrx_word' id='word_1_50' title='bbox 721 529 779 571; x_wconf 90' lang='lat' dir='ltr'>ost</span> <span class='ocrx_word' id='word_1_51' title='bbox 804 531 1060 574; x_wconf 72' lang='lat' dir='ltr'>defefflonem</span> <span class='ocrx_word' id='word_1_52' title='bbox 1083 533 1193 586; x_wconf 88' lang='lat' dir='ltr'>Mity</span> <span class='ocrx_word' id='word_1_53' title='bbox 1208 546 1419 575; x_wconf 85' lang='lat' dir='ltr'>enaeorum</span> <span class='ocrx_word' id='word_1_54' title='bbox 1432 545 1448 582; x_wconf 71' lang='lat'>3</span> <span class='ocrx_word' id='word_1_55' title='bbox 1477 548 1621 576; x_wconf 79' lang='lat' dir='ltr'>verum</span> 
     </span>
     <span class='ocr_line' id='line_1_8' title="bbox 340 584 1616 641; baseline 0.002 -15"><span class='ocrx_word' id='word_1_56' title='bbox 340 587 455 626; x_wconf 83' lang='lat' dir='ltr'>etiam</span> <span class='ocrx_word' id='word_1_57' title='bbox 480 584 567 640; x_wconf 85' lang='lat' dir='ltr'>post</span> <span class='ocrx_word' id='word_1_58' title='bbox 590 584 695 637; x_wconf 91' lang='lat' dir='ltr'>Mity</span> <span class='ocrx_word' id='word_1_59' title='bbox 711 598 804 626; x_wconf 87' lang='lat' dir='ltr'>enas</span> <span class='ocrx_word' id='word_1_60' title='bbox 829 586 906 626; x_wconf 86' lang='lat' dir='ltr'>iam</span> <span class='ocrx_word' id='word_1_61' title='bbox 932 598 1063 641; x_wconf 83' lang='lat' dir='ltr'>captas</span> <span class='ocrx_word' id='word_1_62' title='bbox 1087 587 1129 626; x_wconf 91' lang='lat' dir='ltr'>in</span> <span class='ocrx_word' id='word_1_63' title='bbox 1150 588 1302 629; x_wconf 84' lang='lat' dir='ltr'>Ioniam</span> <span class='ocrx_word' id='word_1_64' title='bbox 1329 599 1516 638; x_wconf 80' lang='lat' dir='ltr'>venerat,</span> <span class='ocrx_word' id='word_1_65' title='bbox 1532 601 1616 630; x_wconf 85' lang='lat' dir='ltr'>non</span> 
     </span>
     <span class='ocr_line' id='line_1_9' title="bbox 339 637 1622 698; baseline 0.003 -18"><span class='ocrx_word' id='word_1_66' title='bbox 339 638 467 694; x_wconf 89' lang='lat' dir='ltr'>potest</span> <span class='ocrx_word' id='word_1_67' title='bbox 498 638 573 679; x_wconf 88' lang='lat' dir='ltr'>dici</span> <span class='ocrx_word' id='word_1_68' title='bbox 605 637 857 680; x_wconf 69' lang='lat' dir='ltr'>defeffionem</span> <span class='ocrx_word' id='word_1_69' title='bbox 885 639 1040 682; x_wconf 90' lang='lat' dir='ltr'>illorum</span> <span class='ocrx_word' id='word_1_70' title='bbox 1062 641 1254 683; x_wconf 73' lang='lat' dir='ltr'>adiuvisse.</span> <span class='ocrx_word' id='word_1_71' title='bbox 1279 642 1319 684; x_wconf 92' lang='lat' dir='ltr'>Si</span> <span class='ocrx_word' id='word_1_72' title='bbox 1342 643 1502 698; x_wconf 85' lang='lat' dir='ltr'>vulgata</span> <span class='ocrx_word' id='word_1_73' title='bbox 1528 641 1622 684; x_wconf 87' lang='lat' dir='ltr'>scri-</span> 
     </span>
     <span class='ocr_line' id='line_1_10' title="bbox 339 694 1619 748; baseline 0.003 -15"><span class='ocrx_word' id='word_1_74' title='bbox 339 706 457 748; x_wconf 84' lang='lat' dir='ltr'>ptura</span> <span class='ocrx_word' id='word_1_75' title='bbox 478 694 689 740; x_wconf 83' lang='lat' dir='ltr'>retinetur,</span> <span class='ocrx_word' id='word_1_76' title='bbox 703 694 956 746; x_wconf 82' lang='lat' dir='ltr'><strong>Thucydides</strong></span> <span class='ocrx_word' id='word_1_77' title='bbox 978 695 1057 735; x_wconf 89' lang='lat' dir='ltr'>hoc</span> <span class='ocrx_word' id='word_1_78' title='bbox 1076 695 1228 736; x_wconf 87' lang='lat' dir='ltr'>videtur</span> <span class='ocrx_word' id='word_1_79' title='bbox 1243 696 1388 745; x_wconf 84' lang='lat' dir='ltr'>dicere,</span> <span class='ocrx_word' id='word_1_80' title='bbox 1403 697 1619 738; x_wconf 89' lang='lat' dir='ltr'>Athenien-</span> 
     </span>
     <span class='ocr_line' id='line_1_11' title="bbox 341 747 1624 800; baseline 0.005 -13"><span class='ocrx_word' id='word_1_81' title='bbox 341 747 399 788; x_wconf 85' lang='lat' dir='ltr'>ses</span> <span class='ocrx_word' id='word_1_82' title='bbox 418 747 667 800; x_wconf 85' lang='lat' dir='ltr'>Mitylenaeis</span> <span class='ocrx_word' id='word_1_83' title='bbox 689 761 778 788; x_wconf 87' lang='lat' dir='ltr'>cum</span> <span class='ocrx_word' id='word_1_84' title='bbox 803 758 974 789; x_wconf 86' lang='lat' dir='ltr'>ceteram</span> <span class='ocrx_word' id='word_1_85' title='bbox 1002 747 1259 790; x_wconf 74' lang='lat' dir='ltr'>defefflonem</span> <span class='ocrx_word' id='word_1_86' title='bbox 1284 751 1433 792; x_wconf 85' lang='lat' dir='ltr'>crimini</span> <span class='ocrx_word' id='word_1_87' title='bbox 1460 751 1624 799; x_wconf 86' lang='lat' dir='ltr'>dedisse,</span> 
     </span>
     <span class='ocr_line' id='line_1_12' title="bbox 340 800 1622 860; baseline 0.005 -19"><span class='ocrx_word' id='word_1_88' title='bbox 340 812 426 842; x_wconf 88' lang='lat' dir='ltr'>tum</span> <span class='ocrx_word' id='word_1_89' title='bbox 450 800 558 855; x_wconf 91' lang='lat' dir='ltr'>quod</span> <span class='ocrx_word' id='word_1_90' title='bbox 578 800 699 842; x_wconf 82' lang='lat' dir='ltr'>claflis</span> <span class='ocrx_word' id='word_1_91' title='bbox 716 801 1087 856; x_wconf 74' lang='lat' dir='ltr'>Peloponnefiorum</span> <span class='ocrx_word' id='word_1_92' title='bbox 1099 834 1114 851; x_wconf 88' lang='lat'>‚</span> <span class='ocrx_word' id='word_1_93' title='bbox 1137 804 1204 844; x_wconf 89' lang='lat' dir='ltr'>vel</span> <span class='ocrx_word' id='word_1_94' title='bbox 1224 807 1352 859; x_wconf 87' lang='lat' dir='ltr'>praeci</span> <span class='ocrx_word' id='word_1_95' title='bbox 1380 819 1431 846; x_wconf 90' lang='lat' dir='ltr'>ue</span> <span class='ocrx_word' id='word_1_96' title='bbox 1449 806 1498 846; x_wconf 87' lang='lat' dir='ltr'>ab</span> <span class='ocrx_word' id='word_1_97' title='bbox 1531 805 1622 860; x_wconf 76' lang='lat' dir='ltr'>ipsis</span> 
     </span>
     <span class='ocr_line' id='line_1_13' title="bbox 343 820 1622 913; baseline 0.005 -19"><span class='ocrx_word' id='word_1_98' title='bbox 343 854 531 910; x_wconf 81' lang='lat' dir='ltr'>impulsa,</span> <span class='ocrx_word' id='word_1_99' title='bbox 553 855 593 895; x_wconf 92' lang='lat' dir='ltr'>in</span> <span class='ocrx_word' id='word_1_100' title='bbox 618 855 771 896; x_wconf 84' lang='lat' dir='ltr'>Ioniam</span> <span class='ocrx_word' id='word_1_101' title='bbox 801 857 936 897; x_wconf 85' lang='lat' dir='ltr'>venire</span> <span class='ocrx_word' id='word_1_102' title='bbox 961 856 1051 897; x_wconf 83' lang='lat' dir='ltr'>ausa</span> <span class='ocrx_word' id='word_1_103' title='bbox 1082 856 1218 898; x_wconf 87' lang='lat' dir='ltr'>fuerat.</span> <span class='ocrx_word' id='word_1_104' title='bbox 1246 857 1320 899; x_wconf 90' lang='lat' dir='ltr'>Sed</span> <span class='ocrx_word' id='word_1_105' title='bbox 1341 820 1379 900; x_wconf 63' lang='lat' dir='ltr'>ii²</span> <span class='ocrx_word' id='word_1_106' title='bbox 1424 860 1484 900; x_wconf 87' lang='lat' dir='ltr'>uis</span> <span class='ocrx_word' id='word_1_107' title='bbox 1506 875 1622 913; x_wconf 74' lang='grc' dir='ltr'><strong><em>προσ·-</em></strong></span> 
     </span>
     <span class='ocr_line' id='line_1_14' title="bbox 345 906 1623 1004; baseline 0.006 -57"><span class='ocrx_word' id='word_1_108' title='bbox 345 906 581 1004; x_wconf 60' lang='grc' dir='ltr'><strong><em>ἕυνεβάλετο</em></strong></span> <span class='ocrx_word' id='word_1_109' title='bbox 594 939 609 957; x_wconf 87' lang='grc'><strong><em>,</em></strong></span> <span class='ocrx_word' id='word_1_110' title='bbox 630 910 739 964; x_wconf 91' lang='lat' dir='ltr'>quod</span> <span class='ocrx_word' id='word_1_111' title='bbox 761 911 799 951; x_wconf 89' lang='lat' dir='ltr'>in</span> <span class='ocrx_word' id='word_1_112' title='bbox 828 910 1054 965; x_wconf 86' lang='lat' dir='ltr'>quibusdam</span> <span class='ocrx_word' id='word_1_113' title='bbox 1083 911 1170 952; x_wconf 83' lang='lat' dir='ltr'>Mff.</span> <span class='ocrx_word' id='word_1_114' title='bbox 1194 911 1271 960; x_wconf 86' lang='lat' dir='ltr'>est,</span> <span class='ocrx_word' id='word_1_115' title='bbox 1299 926 1392 967; x_wconf 81' lang='lat' dir='ltr'>prae</span> <span class='ocrx_word' id='word_1_116' title='bbox 1407 924 1516 962; x_wconf 85' lang='lat' dir='ltr'>erat,</span> <span class='ocrx_word' id='word_1_117' title='bbox 1537 927 1623 968; x_wconf 89' lang='lat' dir='ltr'>quo</span> 
     </span>
     <span class='ocr_line' id='line_1_15' title="bbox 363 963 1623 1028; baseline 0.006 -25"><span class='ocrx_word' id='word_1_118' title='bbox 363 975 428 1003; x_wconf 88' lang='lat' dir='ltr'>ere</span> <span class='ocrx_word' id='word_1_119' title='bbox 446 963 616 1011; x_wconf 86' lang='lat' dir='ltr'>inclino,</span> <span class='ocrx_word' id='word_1_120' title='bbox 639 975 768 1005; x_wconf 90' lang='lat' dir='ltr'>totum</span> <span class='ocrx_word' id='word_1_121' title='bbox 788 964 866 1005; x_wconf 89' lang='lat' dir='ltr'>hoc</span> <span class='ocrx_word' id='word_1_122' title='bbox 890 966 938 1006; x_wconf 85' lang='lat' dir='ltr'>ad</span> <span class='ocrx_word' id='word_1_123' title='bbox 961 965 1213 1010; x_wconf 83' lang='lat' dir='ltr'>Athenienses</span> <span class='ocrx_word' id='word_1_124' title='bbox 1230 967 1462 1028; x_wconf 62' lang='lat' dir='ltr'>pertinebit,</span> <span class='ocrx_word' id='word_1_125' title='bbox 1493 969 1535 1010; x_wconf 81' lang='grc' dir='ltr'>δι</span> <span class='ocrx_word' id='word_1_126' title='bbox 1557 969 1623 1010; x_wconf 83' lang='lat' dir='ltr'>hic</span> 
     </span>
     <span class='ocr_line' id='line_1_16' title="bbox 346 1014 1624 1075; baseline 0.004 -18"><span class='ocrx_word' id='word_1_127' title='bbox 346 1016 475 1058; x_wconf 86' lang='lat' dir='ltr'>sensus</span> <span class='ocrx_word' id='word_1_128' title='bbox 507 1018 603 1065; x_wconf 85' lang='lat' dir='ltr'>erit,</span> <span class='ocrx_word' id='word_1_129' title='bbox 627 1017 692 1058; x_wconf 71' lang='grc' dir='ltr'>καὶ</span> <span class='ocrx_word' id='word_1_130' title='bbox 716 1014 781 1058; x_wconf 78' lang='grc' dir='ltr'>οὔκ</span> <span class='ocrx_word' id='word_1_131' title='bbox 815 1019 1035 1074; x_wconf 68' lang='grc' dir='ltr'><strong><em>ἐλάχιστον</em></strong></span> <span class='ocrx_word' id='word_1_132' title='bbox 1065 1019 1132 1062; x_wconf 69' lang='grc' dir='ltr'>τῆς</span> <span class='ocrx_word' id='word_1_133' title='bbox 1158 1019 1267 1073; x_wconf 60' lang='grc' dir='ltr'>ὁρμῆς</span> <span class='ocrx_word' id='word_1_134' title='bbox 1292 1021 1624 1075; x_wconf 70' lang='grc' dir='ltr'>προσξυνεβέιλετο</span> 
     </span>
     <span class='ocr_line' id='line_1_17' title="bbox 347 1070 1624 1127; baseline 0.005 -18"><span class='ocrx_word' id='word_1_135' title='bbox 347 1070 486 1124; x_wconf 73' lang='grc' dir='ltr'><strong><em>(τοῦτο</em></strong></span> <span class='ocrx_word' id='word_1_136' title='bbox 505 1071 709 1127; x_wconf 68' lang='lat' dir='ltr'>snmlrn)</span> <span class='ocrx_word' id='word_1_137' title='bbox 731 1071 773 1113; x_wconf 73' lang='grc' dir='ltr'>αἱ</span> <span class='ocrx_word' id='word_1_138' title='bbox 789 1073 1088 1115; x_wconf 68' lang='grc' dir='ltr'><strong><em>Πελοποννησίων</em></strong></span> <span class='ocrx_word' id='word_1_139' title='bbox 1114 1072 1196 1114; x_wconf 56' lang='lat' dir='ltr'>viee</span> <span class='ocrx_word' id='word_1_140' title='bbox 1218 1074 1256 1115; x_wconf 79' lang='grc' dir='ltr'>ἐς</span> <span class='ocrx_word' id='word_1_141' title='bbox 1275 1075 1406 1116; x_wconf 74' lang='grc' dir='ltr'>Ἰωνίσιν</span> <span class='ocrx_word' id='word_1_142' title='bbox 1424 1074 1624 1127; x_wconf 66' lang='grc' dir='ltr'>τολμήσα-</span> 
     </span>
     <span class='ocr_line' id='line_1_18' title="bbox 347 1125 1625 1181; baseline 0.005 -17"><span class='ocrx_word' id='word_1_143' title='bbox 347 1140 415 1169; x_wconf 72' lang='grc' dir='ltr'>σοιι</span> <span class='ocrx_word' id='word_1_144' title='bbox 437 1125 812 1180; x_wconf 62' lang='grc' dir='ltr'>παροικινὸυνεῦσοοι,</span> <span class='ocrx_word' id='word_1_145' title='bbox 835 1128 874 1167; x_wconf 92' lang='lat' dir='ltr'>id</span> <span class='ocrx_word' id='word_1_146' title='bbox 892 1127 972 1175; x_wconf 86' lang='lat' dir='ltr'>est,</span> <span class='ocrx_word' id='word_1_147' title='bbox 992 1127 1049 1168; x_wconf 68' lang='grc' dir='ltr'>’ότι</span> <span class='ocrx_word' id='word_1_148' title='bbox 1071 1126 1113 1168; x_wconf 71' lang='grc' dir='ltr'>αἱ</span> <span class='ocrx_word' id='word_1_149' title='bbox 1131 1133 1331 1170; x_wconf 63' lang='lat' dir='ltr'>flamm.</span> <span class='ocrx_word' id='word_1_150' title='bbox 1358 1129 1436 1172; x_wconf 64' lang='grc' dir='ltr'>νῆες</span> <span class='ocrx_word' id='word_1_151' title='bbox 1460 1130 1625 1181; x_wconf 73' lang='grc' dir='ltr'>ἐτόλμη-</span> 
     </span>
     <span class='ocr_line' id='line_1_19' title="bbox 349 1178 1622 1237; baseline 0.005 -18"><span class='ocrx_word' id='word_1_152' title='bbox 349 1195 446 1226; x_wconf 74' lang='grc' dir='ltr'><strong><em>σοιν,</em></strong></span> <span class='ocrx_word' id='word_1_153' title='bbox 470 1181 505 1219; x_wconf 73' lang='lat'>6³</span> <span class='ocrx_word' id='word_1_154' title='bbox 529 1178 663 1235; x_wconf 84' lang='lat' dir='ltr'>(hoc)</span> <span class='ocrx_word' id='word_1_155' title='bbox 684 1197 754 1221; x_wconf 84' lang='lat' dir='ltr'>non</span> <span class='ocrx_word' id='word_1_156' title='bbox 776 1181 950 1223; x_wconf 76' lang='lat' dir='ltr'>minimum</span> <span class='ocrx_word' id='word_1_157' title='bbox 968 1184 1111 1223; x_wconf 80' lang='lat' dir='ltr'>contulit</span> <span class='ocrx_word' id='word_1_158' title='bbox 1131 1185 1182 1222; x_wconf 87' lang='lat' dir='ltr'>ad</span> <span class='ocrx_word' id='word_1_159' title='bbox 1196 1183 1354 1237; x_wconf 81' lang='lat' dir='ltr'>impetum</span> <span class='ocrx_word' id='word_1_160' title='bbox 1377 1182 1483 1237; x_wconf 81' lang='lat' dir='ltr'>(tam</span> <span class='ocrx_word' id='word_1_161' title='bbox 1537 1197 1622 1225; x_wconf 83' lang='lat' dir='ltr'>rae·-</span> 
     </span>
     <span class='ocr_line' id='line_1_20' title="bbox 346 1233 1627 1291; baseline 0.004 -18"><span class='ocrx_word' id='word_1_162' title='bbox 346 1234 472 1287; x_wconf 83' lang='lat' dir='ltr'>cipitis</span> <span class='ocrx_word' id='word_1_163' title='bbox 495 1233 636 1274; x_wconf 84' lang='lat' dir='ltr'>decreti</span> <span class='ocrx_word' id='word_1_164' title='bbox 660 1233 846 1290; x_wconf 81' lang='lat' dir='ltr'>faciendi)</span> <span class='ocrx_word' id='word_1_165' title='bbox 871 1237 1183 1291; x_wconf 57' lang='lat' dir='ltr'>Peloponnesiorum</span> <span class='ocrx_word' id='word_1_166' title='bbox 1207 1253 1312 1278; x_wconf 81' lang='lat' dir='ltr'>naves</span> <span class='ocrx_word' id='word_1_167' title='bbox 1329 1238 1436 1291; x_wconf 77' lang='lat' dir='ltr'>aufize</span> <span class='ocrx_word' id='word_1_168' title='bbox 1450 1269 1464 1285; x_wconf 92' lang='lat'>,</span> <span class='ocrx_word' id='word_1_169' title='bbox 1485 1238 1497 1278; x_wconf 88' lang='lat' dir='ltr'>i</span> <span class='ocrx_word' id='word_1_170' title='bbox 1547 1237 1627 1287; x_wconf 86' lang='lat' dir='ltr'>est,</span> 
     </span>
     <span class='ocr_line' id='line_1_21' title="bbox 350 1288 1628 1342; baseline 0.005 -15"><span class='ocrx_word' id='word_1_171' title='bbox 350 1288 458 1341; x_wconf 85' lang='lat' dir='ltr'>quod</span> <span class='ocrx_word' id='word_1_172' title='bbox 476 1288 850 1342; x_wconf 87' lang='lat' dir='ltr'>Peloponnefiorum</span> <span class='ocrx_word' id='word_1_173' title='bbox 871 1303 993 1332; x_wconf 81' lang='lat' dir='ltr'>naves</span> <span class='ocrx_word' id='word_1_174' title='bbox 1017 1290 1130 1332; x_wconf 55' lang='lat' dir='ltr'>auide</span> <span class='ocrx_word' id='word_1_175' title='bbox 1153 1289 1316 1331; x_wconf 88' lang='lat' dir='ltr'>fuerant.</span> <span class='ocrx_word' id='word_1_176' title='bbox 1340 1315 1386 1323; x_wconf 96' lang='lat'>—</span> <span class='ocrx_word' id='word_1_177' title='bbox 1407 1291 1480 1333; x_wconf 83' lang='lat' dir='ltr'>Sed</span> <span class='ocrx_word' id='word_1_178' title='bbox 1497 1294 1628 1334; x_wconf 90' lang='lat' dir='ltr'>oratio</span> 
     </span>
     <span class='ocr_line' id='line_1_22' title="bbox 350 1342 1628 1403; baseline 0.005 -22"><span class='ocrx_word' id='word_1_179' title='bbox 350 1355 479 1396; x_wconf 86' lang='lat' dir='ltr'>neque</span> <span class='ocrx_word' id='word_1_180' title='bbox 497 1342 575 1383; x_wconf 88' lang='lat' dir='ltr'>hoc</span> <span class='ocrx_word' id='word_1_181' title='bbox 586 1372 601 1390; x_wconf 88' lang='lat'>,</span> <span class='ocrx_word' id='word_1_182' title='bbox 618 1356 745 1397; x_wconf 84' lang='lat' dir='ltr'>neque</span> <span class='ocrx_word' id='word_1_183' title='bbox 764 1343 834 1384; x_wconf 85' lang='lat' dir='ltr'>illo</span> <span class='ocrx_word' id='word_1_184' title='bbox 855 1344 975 1386; x_wconf 89' lang='lat' dir='ltr'>modo</span> <span class='ocrx_word' id='word_1_185' title='bbox 992 1345 1090 1386; x_wconf 90' lang='lat' dir='ltr'>bene</span> <span class='ocrx_word' id='word_1_186' title='bbox 1109 1345 1297 1403; x_wconf 82' lang='lat' dir='ltr'>procedit.</span> <span class='ocrx_word' id='word_1_187' title='bbox 1315 1345 1517 1388; x_wconf 88' lang='lat' dir='ltr'>Videbunt</span> <span class='ocrx_word' id='word_1_188' title='bbox 1533 1359 1628 1387; x_wconf 88' lang='lat' dir='ltr'>acu-</span> 
     </span>
     <span class='ocr_line' id='line_1_23' title="bbox 349 1396 1626 1455; baseline 0.005 -19"><span class='ocrx_word' id='word_1_189' title='bbox 349 1396 483 1437; x_wconf 88' lang='lat' dir='ltr'>tiores.</span> <span class='ocrx_word' id='word_1_190' title='bbox 502 1409 578 1451; x_wconf 86' lang='lat' dir='ltr'>ego</span> <span class='ocrx_word' id='word_1_191' title='bbox 596 1409 659 1438; x_wconf 89' lang='lat' dir='ltr'>me</span> <span class='ocrx_word' id='word_1_192' title='bbox 676 1398 764 1439; x_wconf 86' lang='lat' dir='ltr'>hinc</span> <span class='ocrx_word' id='word_1_193' title='bbox 781 1411 863 1440; x_wconf 91' lang='lat' dir='ltr'>non</span> <span class='ocrx_word' id='word_1_194' title='bbox 876 1397 965 1440; x_wconf 84' lang='lat' dir='ltr'>satis</span> <span class='ocrx_word' id='word_1_195' title='bbox 981 1399 1160 1455; x_wconf 82' lang='lat' dir='ltr'>expedio.</span> <span class='ocrx_word' id='word_1_196' title='bbox 1179 1398 1360 1441; x_wconf 72' lang='lat' dir='ltr'>DUKER.</span> <span class='ocrx_word' id='word_1_197' title='bbox 1374 1399 1492 1442; x_wconf 86' lang='lat' dir='ltr'>Conf.</span> <span class='ocrx_word' id='word_1_198' title='bbox 1515 1400 1626 1442; x_wconf 88' lang='lat' dir='ltr'>Heil-</span> 
     </span>
     <span class='ocr_line' id='line_1_24' title="bbox 351 1451 648 1492; baseline 0 0"><span class='ocrx_word' id='word_1_199' title='bbox 351 1463 454 1492; x_wconf 87' lang='lat' dir='ltr'>man.</span> <span class='ocrx_word' id='word_1_200' title='bbox 483 1451 531 1490; x_wconf 87' lang='lat' dir='ltr'>ad</span> <span class='ocrx_word' id='word_1_201' title='bbox 557 1451 595 1490; x_wconf 90' lang='lat' dir='ltr'>h.</span> <span class='ocrx_word' id='word_1_202' title='bbox 622 1451 648 1492; x_wconf 94' lang='lat' dir='ltr'>l.</span> 
     </span>
    </p>

    <p class='ocr_par' dir='ltr' id='par_1_3' title="bbox 407 1505 1628 1562">
     <span class='ocr_line' id='line_1_25' title="bbox 407 1505 1628 1562; baseline 0.006 -19"><span class='ocrx_word' id='word_1_203' title='bbox 407 1505 500 1559; x_wconf 80' lang='lat' dir='ltr'><strong><em>Pag.</em></strong></span> <span class='ocrx_word' id='word_1_204' title='bbox 525 1519 615 1560; x_wconf 86' lang='lat'><em>219.</em></span> <span class='ocrx_word' id='word_1_205' title='bbox 640 1505 667 1546; x_wconf 88' lang='lat' dir='ltr'>l.</span> <span class='ocrx_word' id='word_1_206' title='bbox 694 1520 730 1546; x_wconf 86' lang='lat'>2.</span> <span class='ocrx_word' id='word_1_207' title='bbox 761 1506 1044 1562; x_wconf 60' lang='lat' dir='ltr'>’Avoenoytefaebf</span> <span class='ocrx_word' id='word_1_208' title='bbox 1101 1507 1240 1549; x_wconf 83' lang='lat' dir='ltr'>Pollux</span> <span class='ocrx_word' id='word_1_209' title='bbox 1266 1508 1330 1555; x_wconf 86' lang='lat'>11,</span> <span class='ocrx_word' id='word_1_210' title='bbox 1359 1521 1446 1549; x_wconf 89' lang='lat'>120.</span> <span class='ocrx_word' id='word_1_211' title='bbox 1477 1511 1628 1550; x_wconf 76' lang='lat' dir='ltr'>WASS.</span> 
     </span>
    </p>
   </div>
   <div class='ocr_carea' id='block_1_3' title="bbox 353 1558 1628 1669">
    <p class='ocr_par' dir='ltr' id='par_1_4' title="bbox 353 1558 1628 1669">
     <span class='ocr_line' id='line_1_26' title="bbox 353 1558 1628 1613; baseline 0.005 -15"><span class='ocrx_word' id='word_1_212' title='bbox 353 1558 826 1613; x_wconf 73' lang='grc' dir='ltr'>Μετάνοιοι,μετάμελος.</span> <span class='ocrx_word' id='word_1_213' title='bbox 851 1561 1015 1602; x_wconf 53' lang='grc' dir='ltr'><strong><em>Θουκυέ.</em></strong></span> <span class='ocrx_word' id='word_1_214' title='bbox 1098 1563 1215 1603; x_wconf 88' lang='lat' dir='ltr'>xicon</span> <span class='ocrx_word' id='word_1_215' title='bbox 1247 1561 1431 1604; x_wconf 83' lang='lat' dir='ltr'>Biblioth.</span> <span class='ocrx_word' id='word_1_216' title='bbox 1462 1561 1628 1604; x_wconf 85' lang='lat' dir='ltr'>Coislin.</span> 
     </span>
     <span class='ocr_line' id='line_1_27' title="bbox 353 1612 1521 1669; baseline 0.003 -15"><span class='ocrx_word' id='word_1_217' title='bbox 353 1612 626 1658; x_wconf 72' lang='lat' dir='ltr'>Montfaucon.</span> <span class='ocrx_word' id='word_1_218' title='bbox 650 1628 689 1668; x_wconf 92' lang='lat' dir='ltr'>p.</span> <span class='ocrx_word' id='word_1_219' title='bbox 716 1614 808 1669; x_wconf 77' lang='lat'><em>483.</em></span> <span class='ocrx_word' id='word_1_220' title='bbox 1518 1635 1521 1638; x_wconf 51' lang='lat'><strong>&gt;</strong></span> 
     </span>
    </p>
   </div>
   <div class='ocr_carea' id='block_1_4' title="bbox 355 1665 1632 2537">
    <p class='ocr_par' dir='ltr' id='par_1_5' title="bbox 355 1665 1632 2537">
     <span class='ocr_line' id='line_1_28' title="bbox 407 1665 1626 1724; baseline 0.002 -17"><span class='ocrx_word' id='word_1_221' title='bbox 407 1671 484 1708; x_wconf 86' lang='lat' dir='ltr'>ead.</span> <span class='ocrx_word' id='word_1_222' title='bbox 505 1669 529 1707; x_wconf 89' lang='lat' dir='ltr'>l.</span> <span class='ocrx_word' id='word_1_223' title='bbox 553 1681 590 1718; x_wconf 81' lang='grc'>4.</span> <span class='ocrx_word' id='word_1_224' title='bbox 616 1667 768 1709; x_wconf 72' lang='grc' dir='ltr'><strong><em>Μᾶλλον</em></strong></span> <span class='ocrx_word' id='word_1_225' title='bbox 789 1669 809 1709; x_wconf 68' lang='grc' dir='ltr'><em>ἢ</em></span> <span class='ocrx_word' id='word_1_226' title='bbox 835 1665 874 1709; x_wconf 76' lang='grc' dir='ltr'>οὐ</span> <span class='ocrx_word' id='word_1_227' title='bbox 899 1668 987 1710; x_wconf 79' lang='grc' dir='ltr'><strong><em>τοὺς</em></strong></span> <span class='ocrx_word' id='word_1_228' title='bbox 1005 1669 1179 1724; x_wconf 61' lang='grc' dir='ltr'>αἰτίους)</span> <span class='ocrx_word' id='word_1_229' title='bbox 1204 1670 1412 1718; x_wconf 88' lang='lat' dir='ltr'>Kuhnius,</span> <span class='ocrx_word' id='word_1_230' title='bbox 1437 1683 1552 1724; x_wconf 90' lang='lat' dir='ltr'>quem</span> <span class='ocrx_word' id='word_1_231' title='bbox 1585 1670 1626 1711; x_wconf 88' lang='lat' dir='ltr'>in</span> 
     </span>
     <span class='ocr_line' id='line_1_29' title="bbox 355 1719 1628 1778; baseline 0.002 -16"><span class='ocrx_word' id='word_1_232' title='bbox 355 1722 452 1762; x_wconf 85' lang='lat' dir='ltr'>Var.</span> <span class='ocrx_word' id='word_1_233' title='bbox 467 1721 571 1762; x_wconf 63' lang='lat' dir='ltr'>Lect.</span> <span class='ocrx_word' id='word_1_234' title='bbox 585 1721 716 1763; x_wconf 89' lang='lat' dir='ltr'>laudat</span> <span class='ocrx_word' id='word_1_235' title='bbox 737 1722 966 1770; x_wconf 87' lang='lat' dir='ltr'>Hudsonus‚</span> <span class='ocrx_word' id='word_1_236' title='bbox 980 1734 1089 1778; x_wconf 86' lang='lat' dir='ltr'>putat</span> <span class='ocrx_word' id='word_1_237' title='bbox 1113 1724 1244 1765; x_wconf 87' lang='lat' dir='ltr'>Attice</span> <span class='ocrx_word' id='word_1_238' title='bbox 1261 1724 1458 1765; x_wconf 84' lang='lat' dir='ltr'>abundare</span> <span class='ocrx_word' id='word_1_239' title='bbox 1472 1719 1524 1764; x_wconf 81' lang='grc' dir='ltr'>οὗ.</span> <span class='ocrx_word' id='word_1_240' title='bbox 1545 1725 1628 1764; x_wconf 90' lang='lat' dir='ltr'>Ad-</span> 
     </span>
     <span class='ocr_line' id='line_1_30' title="bbox 355 1774 1626 1832; baseline 0.002 -16"><span class='ocrx_word' id='word_1_241' title='bbox 355 1774 489 1816; x_wconf 89' lang='lat' dir='ltr'>versus</span> <span class='ocrx_word' id='word_1_242' title='bbox 506 1789 600 1816; x_wconf 91' lang='lat' dir='ltr'>eum</span> <span class='ocrx_word' id='word_1_243' title='bbox 624 1776 788 1831; x_wconf 86' lang='lat' dir='ltr'>operose</span> <span class='ocrx_word' id='word_1_244' title='bbox 804 1776 971 1832; x_wconf 81' lang='lat' dir='ltr'>disputat</span> <span class='ocrx_word' id='word_1_245' title='bbox 990 1778 1212 1818; x_wconf 86' lang='lat' dir='ltr'>Perizonius</span> <span class='ocrx_word' id='word_1_246' title='bbox 1232 1778 1282 1818; x_wconf 88' lang='lat' dir='ltr'>ad</span> <span class='ocrx_word' id='word_1_247' title='bbox 1304 1777 1454 1818; x_wconf 82' lang='lat' dir='ltr'>Aelian.</span> <span class='ocrx_word' id='word_1_248' title='bbox 1476 1778 1501 1818; x_wconf 92' lang='lat'>1.</span> <span class='ocrx_word' id='word_1_249' title='bbox 1525 1778 1560 1819; x_wconf 88' lang='lat' dir='ltr'>d.</span> <span class='ocrx_word' id='word_1_250' title='bbox 1582 1779 1626 1819; x_wconf 75' lang='grc' dir='ltr'>δε</span> 
     </span>
     <span class='ocr_line' id='line_1_31' title="bbox 371 1827 1627 1885; baseline 0.001 -14"><span class='ocrx_word' id='word_1_251' title='bbox 371 1843 431 1882; x_wconf 12' lang='lat' dir='ltr'>‘ro</span> <span class='ocrx_word' id='word_1_252' title='bbox 447 1828 486 1870; x_wconf 82' lang='grc' dir='ltr'>οὗ</span> <span class='ocrx_word' id='word_1_253' title='bbox 501 1830 591 1871; x_wconf 76' lang='grc' dir='ltr'><strong><em>τοὺς</em></strong></span> <span class='ocrx_word' id='word_1_254' title='bbox 610 1830 763 1877; x_wconf 74' lang='lat' dir='ltr'>mavult¹</span> <span class='ocrx_word' id='word_1_255' title='bbox 777 1831 904 1885; x_wconf 85' lang='lat' dir='ltr'>legere</span> <span class='ocrx_word' id='word_1_256' title='bbox 922 1827 1071 1872; x_wconf 69' lang='grc' dir='ltr'><strong><em>αὐτούς.</em></strong></span> <span class='ocrx_word' id='word_1_257' title='bbox 1087 1831 1239 1872; x_wconf 87' lang='lat' dir='ltr'>Deinde</span> <span class='ocrx_word' id='word_1_258' title='bbox 1258 1832 1299 1872; x_wconf 91' lang='lat' dir='ltr'>in</span> <span class='ocrx_word' id='word_1_259' title='bbox 1314 1831 1488 1872; x_wconf 86' lang='lat' dir='ltr'>Addend.</span> <span class='ocrx_word' id='word_1_260' title='bbox 1509 1832 1627 1872; x_wconf 85' lang='lat' dir='ltr'>aliam</span> 
     </span>
     <span class='ocr_line' id='line_1_32' title="bbox 386 1884 1630 1939; baseline 0.001 -13"><span class='ocrx_word' id='word_1_261' title='bbox 386 1885 476 1926; x_wconf 91' lang='lat' dir='ltr'>uius</span> <span class='ocrx_word' id='word_1_262' title='bbox 499 1884 577 1925; x_wconf 92' lang='lat' dir='ltr'>loci</span> <span class='ocrx_word' id='word_1_263' title='bbox 600 1885 956 1939; x_wconf 81' lang='lat' dir='ltr'>interpretationem</span> <span class='ocrx_word' id='word_1_264' title='bbox 985 1884 1163 1939; x_wconf 86' lang='lat' dir='ltr'>profert,</span> <span class='ocrx_word' id='word_1_265' title='bbox 1216 1899 1266 1927; x_wconf 84' lang='lat' dir='ltr'>ua</span> <span class='ocrx_word' id='word_1_266' title='bbox 1291 1885 1445 1926; x_wconf 76' lang='lat' dir='ltr'>admiss‘a</span> <span class='ocrx_word' id='word_1_267' title='bbox 1472 1899 1630 1927; x_wconf 88' lang='lat' dir='ltr'>manere</span> 
     </span>
     <span class='ocr_line' id='line_1_33' title="bbox 358 1937 1630 1995; baseline 0.001 -15"><span class='ocrx_word' id='word_1_268' title='bbox 358 1937 500 1993; x_wconf 86' lang='lat' dir='ltr'>poffit,</span> <span class='ocrx_word' id='word_1_269' title='bbox 521 1949 566 1979; x_wconf 91' lang='lat' dir='ltr'>ut</span> <span class='ocrx_word' id='word_1_270' title='bbox 584 1949 717 1992; x_wconf 87' lang='lat' dir='ltr'>putat,</span> <span class='ocrx_word' id='word_1_271' title='bbox 736 1939 894 1993; x_wconf 81' lang='lat' dir='ltr'>vulgata</span> <span class='ocrx_word' id='word_1_272' title='bbox 913 1938 1099 1994; x_wconf 84' lang='lat' dir='ltr'>scriptura</span> <span class='ocrx_word' id='word_1_273' title='bbox 1112 1970 1124 1988; x_wconf 92' lang='lat'>,</span> <span class='ocrx_word' id='word_1_274' title='bbox 1147 1940 1165 1981; x_wconf 74' lang='grc' dir='ltr'>ἰὶ</span> <span class='ocrx_word' id='word_1_275' title='bbox 1182 1955 1220 1979; x_wconf 86' lang='grc' dir='ltr'>ου</span> <span class='ocrx_word' id='word_1_276' title='bbox 1240 1938 1339 1981; x_wconf 79' lang='grc' dir='ltr'><strong><em>τούς.</em></strong></span> <span class='ocrx_word' id='word_1_277' title='bbox 1363 1940 1449 1993; x_wconf 89' lang='lat' dir='ltr'>Ego</span> <span class='ocrx_word' id='word_1_278' title='bbox 1466 1939 1630 1995; x_wconf 86' lang='lat' dir='ltr'>Stepha-</span> 
     </span>
     <span class='ocr_line' id='line_1_34' title="bbox 359 1992 1628 2056; baseline 0.001 -23"><span class='ocrx_word' id='word_1_279' title='bbox 359 2005 416 2033; x_wconf 87' lang='lat' dir='ltr'>no</span> <span class='ocrx_word' id='word_1_280' title='bbox 434 1992 478 2033; x_wconf 89' lang='lat'>&amp;</span> <span class='ocrx_word' id='word_1_281' title='bbox 497 1993 658 2033; x_wconf 88' lang='lat' dir='ltr'>Kuhnio</span> <span class='ocrx_word' id='word_1_282' title='bbox 673 1992 872 2034; x_wconf 79' lang='lat' dir='ltr'>assentior:</span> <span class='ocrx_word' id='word_1_283' title='bbox 891 1994 1080 2056; x_wconf 83' lang='lat' dir='ltr'>primum,</span> <span class='ocrx_word' id='word_1_284' title='bbox 1097 1995 1189 2048; x_wconf 85' lang='lat' dir='ltr'>quia</span> <span class='ocrx_word' id='word_1_285' title='bbox 1205 1994 1480 2047; x_wconf 88' lang='lat' dir='ltr'>Thucydides,</span> <span class='ocrx_word' id='word_1_286' title='bbox 1498 2004 1542 2034; x_wconf 90' lang='lat' dir='ltr'>ut</span> <span class='ocrx_word' id='word_1_287' title='bbox 1557 2007 1628 2034; x_wconf 87' lang='lat' dir='ltr'>an-</span> 
     </span>
     <span class='ocr_line' id='line_1_35' title="bbox 358 2046 1630 2101; baseline 0.002 -15"><span class='ocrx_word' id='word_1_288' title='bbox 358 2056 471 2088; x_wconf 83' lang='lat' dir='ltr'>notat</span> <span class='ocrx_word' id='word_1_289' title='bbox 493 2046 709 2101; x_wconf 89' lang='lat' dir='ltr'>Stephanus</span> <span class='ocrx_word' id='word_1_290' title='bbox 735 2047 782 2088; x_wconf 83' lang='lat' dir='ltr'>ad</span> <span class='ocrx_word' id='word_1_291' title='bbox 806 2047 1064 2095; x_wconf 75' lang='lat' dir='ltr'>Corinthum,</span> <span class='ocrx_word' id='word_1_292' title='bbox 1098 2048 1168 2101; x_wconf 92' lang='lat' dir='ltr'>qui</span> <span class='ocrx_word' id='word_1_293' title='bbox 1195 2047 1348 2095; x_wconf 89' lang='lat' dir='ltr'>itidem,</span> <span class='ocrx_word' id='word_1_294' title='bbox 1380 2058 1424 2088; x_wconf 91' lang='lat' dir='ltr'>ut</span> <span class='ocrx_word' id='word_1_295' title='bbox 1456 2047 1630 2089; x_wconf 86' lang='lat' dir='ltr'>Scholia-</span> 
     </span>
     <span class='ocr_line' id='line_1_36' title="bbox 357 2099 1626 2156; baseline 0.002 -16"><span class='ocrx_word' id='word_1_296' title='bbox 357 2099 456 2148; x_wconf 87' lang='lat' dir='ltr'>stes,</span> <span class='ocrx_word' id='word_1_297' title='bbox 482 2101 728 2155; x_wconf 84' lang='lat' dir='ltr'>negationem</span> <span class='ocrx_word' id='word_1_298' title='bbox 751 2102 813 2142; x_wconf 91' lang='lat' dir='ltr'>hic</span> <span class='ocrx_word' id='word_1_299' title='bbox 841 2101 1037 2142; x_wconf 82' lang='lat' dir='ltr'>abundare</span> <span class='ocrx_word' id='word_1_300' title='bbox 1060 2102 1175 2149; x_wconf 88' lang='lat' dir='ltr'>dicit,</span> <span class='ocrx_word' id='word_1_301' title='bbox 1199 2102 1316 2143; x_wconf 86' lang='lat' dir='ltr'>etiam</span> <span class='ocrx_word' id='word_1_302' title='bbox 1340 2100 1454 2156; x_wconf 84' lang='lat' dir='ltr'>supra</span> <span class='ocrx_word' id='word_1_303' title='bbox 1481 2101 1544 2149; x_wconf 88' lang='lat'>11,</span> <span class='ocrx_word' id='word_1_304' title='bbox 1573 2104 1626 2143; x_wconf 79' lang='lat'>62</span> 
     </span>
     <span class='ocr_line' id='line_1_37' title="bbox 358 2150 1630 2210; baseline 0.002 -16"><span class='ocrx_word' id='word_1_305' title='bbox 358 2154 500 2194; x_wconf 87' lang='lat' dir='ltr'>eodem</span> <span class='ocrx_word' id='word_1_306' title='bbox 527 2155 648 2196; x_wconf 91' lang='lat' dir='ltr'>modo</span> <span class='ocrx_word' id='word_1_307' title='bbox 677 2155 882 2210; x_wconf 89' lang='lat' dir='ltr'>loquitur,</span> <span class='ocrx_word' id='word_1_308' title='bbox 907 2152 987 2197; x_wconf 50' lang='grc' dir='ltr'>οὐδ’</span> <span class='ocrx_word' id='word_1_309' title='bbox 1012 2156 1110 2197; x_wconf 68' lang='grc' dir='ltr'><strong><em>οἰκος</em></strong></span> <span class='ocrx_word' id='word_1_310' title='bbox 1130 2155 1328 2210; x_wconf 66' lang='grc' dir='ltr'>χαλεπῶς</span> <span class='ocrx_word' id='word_1_311' title='bbox 1356 2159 1478 2210; x_wconf 77' lang='grc' dir='ltr'><strong><em>φέρειν</em></strong></span> <span class='ocrx_word' id='word_1_312' title='bbox 1503 2150 1630 2197; x_wconf 64' lang='grc' dir='ltr'><strong><em>αὐτῶν</em></strong></span> 
     </span>
     <span class='ocr_line' id='line_1_38' title="bbox 359 2206 1631 2265; baseline 0.002 -18"><span class='ocrx_word' id='word_1_313' title='bbox 359 2208 540 2260; x_wconf 70' lang='grc' dir='ltr'><strong><em>μᾶλλον,</em></strong></span> <span class='ocrx_word' id='word_1_314' title='bbox 572 2209 592 2251; x_wconf 75' lang='grc' dir='ltr'>ἷὶ</span> <span class='ocrx_word' id='word_1_315' title='bbox 625 2206 693 2257; x_wconf 80' lang='grc' dir='ltr'>οὗ,</span> <span class='ocrx_word' id='word_1_316' title='bbox 718 2207 847 2251; x_wconf 63' lang='lat' dir='ltr'>animone</span> <span class='ocrx_word' id='word_1_317' title='bbox 877 2209 942 2250; x_wconf 73' lang='grc' dir='ltr'>κα.)</span> <span class='ocrx_word' id='word_1_318' title='bbox 976 2210 1300 2265; x_wconf 43' lang='lat' dir='ltr'>&amp;mancione-pus</span> <span class='ocrx_word' id='word_1_319' title='bbox 1329 2208 1500 2250; x_wconf 70' lang='grc' dir='ltr'><strong><em>πλούτου</em></strong></span> <span class='ocrx_word' id='word_1_320' title='bbox 1537 2212 1631 2262; x_wconf 67' lang='grc' dir='ltr'>προς</span> 
     </span>
     <span class='ocr_line' id='line_1_39' title="bbox 361 2260 1631 2318; baseline 0.002 -17"><span class='ocrx_word' id='word_1_321' title='bbox 361 2260 510 2302; x_wconf 68' lang='grc' dir='ltr'><strong><em>ταύτην</em></strong></span> <span class='ocrx_word' id='word_1_322' title='bbox 532 2262 777 2315; x_wconf 65' lang='grc' dir='ltr'><strong><em>νομίσαντας,</em></strong></span> <span class='ocrx_word' id='word_1_323' title='bbox 801 2263 1053 2318; x_wconf 68' lang='grc' dir='ltr'>ὂλιγωρνῖσοιιι</span> <span class='ocrx_word' id='word_1_324' title='bbox 1080 2264 1238 2312; x_wconf 81' lang='lat' dir='ltr'>deinde,</span> <span class='ocrx_word' id='word_1_325' title='bbox 1264 2264 1380 2318; x_wconf 86' lang='lat' dir='ltr'>quia,</span> <span class='ocrx_word' id='word_1_326' title='bbox 1399 2263 1507 2317; x_wconf 88' lang='lat' dir='ltr'>quod</span> <span class='ocrx_word' id='word_1_327' title='bbox 1527 2262 1631 2304; x_wconf 89' lang='lat' dir='ltr'>idem</span> 
     </span>
     <span class='ocr_line' id='line_1_40' title="bbox 361 2315 1628 2372; baseline 0.002 -18"><span class='ocrx_word' id='word_1_328' title='bbox 361 2315 576 2369; x_wconf 85' lang='lat' dir='ltr'>Stephanus</span> <span class='ocrx_word' id='word_1_329' title='bbox 600 2330 683 2370; x_wconf 81' lang='lat' dir='ltr'>cap.</span> <span class='ocrx_word' id='word_1_330' title='bbox 711 2318 759 2358; x_wconf 89' lang='lat'>16</span> <span class='ocrx_word' id='word_1_331' title='bbox 783 2317 947 2372; x_wconf 85' lang='lat' dir='ltr'>Operar.</span> <span class='ocrx_word' id='word_1_332' title='bbox 965 2318 1004 2358; x_wconf 88' lang='lat' dir='ltr'>in</span> <span class='ocrx_word' id='word_1_333' title='bbox 1026 2316 1265 2370; x_wconf 65' lang='lat' dir='ltr'>Dionysium</span> <span class='ocrx_word' id='word_1_334' title='bbox 1284 2317 1478 2358; x_wconf 79' lang='lat' dir='ltr'>Halicarn.</span> <span class='ocrx_word' id='word_1_335' title='bbox 1495 2316 1628 2357; x_wconf 89' lang='lat' dir='ltr'>obser-</span> 
     </span>
     <span class='ocr_line' id='line_1_41' title="bbox 360 2369 1631 2426; baseline 0.002 -18"><span class='ocrx_word' id='word_1_336' title='bbox 360 2378 453 2418; x_wconf 80' lang='lat' dir='ltr'>vat,</span> <span class='ocrx_word' id='word_1_337' title='bbox 481 2369 721 2422; x_wconf 78' lang='lat' dir='ltr'>Dionysius,</span> <span class='ocrx_word' id='word_1_338' title='bbox 749 2372 817 2425; x_wconf 87' lang='lat' dir='ltr'>qui</span> <span class='ocrx_word' id='word_1_339' title='bbox 843 2372 988 2426; x_wconf 86' lang='lat' dir='ltr'>ubique</span> <span class='ocrx_word' id='word_1_340' title='bbox 1011 2370 1174 2412; x_wconf 90' lang='lat' dir='ltr'>studiose</span> <span class='ocrx_word' id='word_1_341' title='bbox 1195 2371 1470 2423; x_wconf 86' lang='lat' dir='ltr'>Thucydidem</span> <span class='ocrx_word' id='word_1_342' title='bbox 1498 2371 1631 2411; x_wconf 85' lang='lat' dir='ltr'>imita·</span> 
     </span>
     <span class='ocr_line' id='line_1_42' title="bbox 357 2423 1628 2479; baseline 0.002 -18"><span class='ocrx_word' id='word_1_343' title='bbox 357 2433 444 2470; x_wconf 80' lang='lat' dir='ltr'>tur,</span> <span class='ocrx_word' id='word_1_344' title='bbox 459 2423 545 2477; x_wconf 88' lang='lat' dir='ltr'>plus</span> <span class='ocrx_word' id='word_1_345' title='bbox 563 2423 678 2464; x_wconf 89' lang='lat' dir='ltr'>semel</span> <span class='ocrx_word' id='word_1_346' title='bbox 699 2425 776 2466; x_wconf 88' lang='lat' dir='ltr'>hoc</span> <span class='ocrx_word' id='word_1_347' title='bbox 803 2425 984 2479; x_wconf 87' lang='lat' dir='ltr'>loquendi</span> <span class='ocrx_word' id='word_1_348' title='bbox 1009 2438 1150 2478; x_wconf 89' lang='lat' dir='ltr'>genere</span> <span class='ocrx_word' id='word_1_349' title='bbox 1176 2425 1309 2465; x_wconf 87' lang='lat' dir='ltr'>utitur.</span> <span class='ocrx_word' id='word_1_350' title='bbox 1335 2424 1416 2464; x_wconf 91' lang='lat' dir='ltr'>Lib.</span> <span class='ocrx_word' id='word_1_351' title='bbox 1435 2424 1521 2471; x_wconf 92' lang='lat' dir='ltr'>Vl,</span> <span class='ocrx_word' id='word_1_352' title='bbox 1542 2438 1628 2478; x_wconf 84' lang='lat' dir='ltr'>cap.</span> 
     </span>
     <span class='ocr_line' id='line_1_43' title="bbox 357 2472 1632 2537; baseline -0.002 -17"><span class='ocrx_word' id='word_1_353' title='bbox 357 2475 405 2520; x_wconf 80' lang='lat'>81</span> <span class='ocrx_word' id='word_1_354' title='bbox 425 2493 436 2519; x_wconf 92' lang='lat'><strong>:</strong></span> <span class='ocrx_word' id='word_1_355' title='bbox 459 2478 525 2520; x_wconf 60' lang='lat' dir='ltr'>aa&gt;</span> <span class='ocrx_word' id='word_1_356' title='bbox 543 2472 591 2519; x_wconf 74' lang='grc' dir='ltr'>ὦς</span> <span class='ocrx_word' id='word_1_357' title='bbox 609 2477 676 2523; x_wconf 70' lang='grc' dir='ltr'>τὴν</span> <span class='ocrx_word' id='word_1_358' title='bbox 701 2478 837 2527; x_wconf 72' lang='grc' dir='ltr'><strong><em>βουλὴν</em></strong></span> <span class='ocrx_word' id='word_1_359' title='bbox 863 2475 930 2520; x_wconf 70' lang='grc' dir='ltr'>οὐκ</span> <span class='ocrx_word' id='word_1_360' title='bbox 947 2479 1053 2533; x_wconf 69' lang='grc' dir='ltr'><strong><em>ὀρθῶς</em></strong></span> <span class='ocrx_word' id='word_1_361' title='bbox 1077 2478 1132 2520; x_wconf 58' lang='grc' dir='ltr'>δι’</span> <span class='ocrx_word' id='word_1_362' title='bbox 1151 2478 1261 2533; x_wconf 62' lang='grc' dir='ltr'><strong><em>ὀργῆς</em></strong></span> <span class='ocrx_word' id='word_1_363' title='bbox 1275 2478 1439 2537; x_wconf 74' lang='grc' dir='ltr'><strong><em>ἐχόντων</em></strong></span> <span class='ocrx_word' id='word_1_364' title='bbox 1457 2501 1503 2510; x_wconf 90' lang='grc'>-</span> <span class='ocrx_word' id='word_1_365' title='bbox 1517 2479 1632 2530; x_wconf 68' lang='grc' dir='ltr'>μᾶλ-</span> 
     </span>
    </p>
   </div>
  </div>
 </body>
</html>
