1734 3158
396 228 491 288 468
606 223 1476 278 ANNOTAT10NES

392 312 503 353 Σονία
517 312 680 362 dicitur,
693 327 793 368 quae
812 314 859 355 ad
879 315 971 355 litus
993 315 1109 355 maris
1132 315 1256 369 Aegei
1274 316 1576 366 extendebatur,
1599 327 1673 374 opt⁴

393 366 587 422 pofitione
611 368 709 408 faeta
737 369 784 408 ad
810 378 1017 410 montanas
1038 369 1295 411 Macedoniae
1326 371 1529 423 regiones,
1556 383 1600 413 ut
1627 375 1674 414 li-

392 422 516 474 quido
537 433 644 475 patet
661 435 711 463 ex
733 421 834 463 libro
860 437 882 462 2
894 453 909 470 ,
932 423 999 463 ubi
1027 423 1074 464 de
1093 424 1337 477 expeditione
1351 424 1498 466 Sitalcis
1518 427 1558 466 in
1579 427 1671 467 Ma-

392 475 562 523 cedonas
580 477 671 531 agit.
687 476 778 517 Vid.
795 476 956 537 Palmer.
974 477 1118 518 Graec.
1131 478 1258 539 antiq.
1275 492 1312 548 p.
1329 491 1382 533 79
1397 479 1440 519 δι
1452 478 1514 520 80.
1531 481 1670 522 Ηυῡε,

461 533 536 571 ead.
573 532 598 571 l.
637 545 698 572 12.
730 530 974 583 Ἐλειμιωται
996 530 1015 586 )
1050 531 1241 572 Arrianus
1288 530 1495 583 Ελυμιῶτιν
1525 532 1669 576 scribit.

390 585 540 625 WAss.
567 585 627 625 Ita
646 595 766 625 vocat
794 585 997 638 regionem
1021 584 1039 625 Ι
1066 586 1113 626 de
1132 586 1190 625 Ex
1219 585 1306 626 edit.
1327 586 1445 627 Alex.
1470 599 1505 627 c.
1525 601 1564 640 7.
1591 589 1670 630 vid.

391 637 570 680 Holsten.
597 638 646 679 ad
667 638 798 692 Steph.
820 639 860 678 in
878 638 1075 690 Ἐλίμεια,
1102 639 1145 679 δι
1201 640 1304 680 ellar.
1333 639 1369 680 ΙΙ
1398 640 1546 694 Geogr.
1573 641 1670 683 Ant.
1718 674 1723 679 .

395 701 457 747 13.
474 693 560 746 Qui
574 693 635 733 hic
656 694 699 734 &
719 693 809 733 alibi
822 693 861 732 in
878 693 1115 744 Thucydide
1132 693 1173 733 δι
1193 694 1276 734 aliis
1293 695 1543 749 Λυγκησταὶ,
1563 695 1668 737 Stra·-

390 745 490 787 honi
509 746 552 789 &
570 746 771 800 Stephano
794 748 1012 800 Λυγκισταὶ
1031 745 1144 794 sunt,
1165 746 1350 788 Diodoro
1370 747 1443 790 Sic.
1465 749 1608 798 XVII,
1627 765 1668 805 p.

395 813 470 854 592
491 805 542 840 Λυ
578 801 735 848 κεσταὶ,
755 810 799 853 ut
813 799 943 840 scribit
964 801 1154 841 Harduin.
1172 801 1219 842 ad
1237 801 1332 842 Plin.
1351 801 1428 850 IV,
1453 816 1514 843 10.
1527 816 1665 857 quam·

387 867 508 907 quam
532 816 583 895 igi
607 856 646 895 in
678 854 738 895 ed.
770 854 968 895 Rhodom.
1003 853 1058 894 est
1090 855 1317 909 Amynta-752·
1340 868 1410 909 per
1435 870 1462 896 ι.
1487 856 1664 900 Holsten.

389 909 535 962 probat
554 907 795 963 Λυγκησταί.
823 907 968 956 Re&e‚
991 909 1155 962 opinor:
1184 921 1273 949 nam
1301 923 1314 948 ι
1338 922 1362 949 e
1379 911 1662 964 pronuntiatio-

387 975 440 1002 ne
457 961 525 1003 τοῦ
550 978 569 1004 η
590 974 723 1003 ortum
746 961 847 1009 effe,
864 973 914 1002 ex
934 975 984 1002 eo
1003 962 1206 1016 probabile
1228 961 1306 1010 est,
1325 963 1434 1016 quod
1460 964 1586 1005 Latini
1605 965 1662 1007 fe-

386 1029 431 1064 re
455 1017 522 1057 ubi
550 1031 601 1058 ue
618 1018 659 1057 in
680 1016 845 1057 secunda
869 1015 1017 1068 syllaba
1038 1033 1055 1056 e
1086 1016 1250 1065 habent3
1275 1027 1321 1056 ut
1340 1016 1540 1070 Amyntas
1563 1020 1662 1074 Lyn·

385 1072 506 1124 cestes,
520 1031 740 1113 alexander
754 1071 930 1125 Lyncestes
951 1070 1054 1125 apud
1076 1069 1260 1111 Curtium
1279 1069 1449 1125 semper3
1465 1073 1580 1126 Lynce
1610 1075 1663 1114 'us

385 1125 511 1173 amnis
534 1125 655 1167 Ovid.
681 1125 761 1166 XV
786 1125 946 1164 Metam.
979 1139 1066 1179 329.
1088 1126 1262 1179 Lynccstis
1285 1138 1387 1179 aqua
1409 1124 1502 1165 Plin.
1538 1126 1555 1166 1
1602 1128 1657 1168 Η.

384 1177 424 1217 Ν
437 1206 453 1226 ,
475 1192 575 1235 103,
598 1179 641 1220 δι
664 1179 742 1220 alii.
757 1178 806 1219 In
823 1177 954 1219 lustin.
966 1179 1043 1226 Xl,
1067 1193 1089 1218 2
1112 1177 1298 1233 scriptura
1314 1179 1450 1219 variat.
1469 1180 1656 1221 Ceterum

382 1232 622 1287 Stephanum
639 1234 822 1286 Lyncum
849 1232 896 1272 &
915 1231 1124 1285 Lyncestas
1142 1246 1343 1287 perperam
1370 1234 1412 1272 in
1432 1233 1555 1288 Epiro
1581 1248 1653 1290 po-

379 1297 496 1334 nere,
518 1298 708 1328 annotant
731 1286 780 1328 ad
801 1300 891 1328 eum
909 1287 1135 1340 interpretes
1156 1300 1196 1327 v.
1223 1285 1383 1341 Λύγκος.

435 1345 511 1381 ead.
529 1343 554 1382 lv.
584 1357 645 1392 14.
669 1341 740 1383 Τὴν
761 1340 806 1381 ἑὲ
827 1340 912 1394 περὶ
935 1341 1142 1382 θάλασσαν
1163 1339 1223 1383 νῦν
1242 1339 1511 1395 Μακεέονίαν)
1537 1341 1651 1384 Prae-

379 1392 466 1435 fero
479 1395 707 1451 scripturam
717 1394 925 1436 Mfftorum
938 1397 1046 1448 φναρέι,
1065 1395 1286 1436 ὲέιλασσαν.
1304 1395 1340 1443 Ι,
1360 1394 1401 1442 8,
1415 1394 1446 1435 οἱ
1457 1397 1564 1449 παρὰ
1582 1397 1654 1437 δά.-
1718 1411 1734 1466 ‘¹

378 1459 534 1490 λασσαν
561 1449 749 1504 ἄνθρωποι.
774 1449 825 1490 Et
851 1447 1159 1502 παραθαλάσσιοι
1184 1449 1364 1490 dicuntur
1390 1449 1480 1490 loca
1506 1451 1652 1491 mariti-

378 1516 468 1550 ma,
495 1504 588 1544 item
608 1503 894 1550 ἐπιθαλάσσια,
918 1516 1001 1543 non
1019 1503 1310 1557 περιθαλίισσια.
1341 1503 1390 1550 1,
1420 1517 1467 1557 ς,
1487 1502 1518 1544 οἱ
1535 1503 1572 1544 ἐν
1601 1504 1652 1556 τῇ

375 1554 514 1609 ηπείρῳ
529 1558 850 1612 παραθαλάσσιοι.
870 1555 933 1604 11,
955 1558 1005 1598 26
1017 1587 1032 1605 ,
1054 1557 1121 1599 τῆς
1141 1572 1184 1598 τε
1197 1556 1525 1611 παραθαλασσίαν
1546 1557 1651 1600 ἐστὶν
1718 1558 1728 1611 ἶ

375 1609 417 1659 ἃ,
431 1609 584 1661 &ficosa
606 1613 656 1653 Et
680 1609 762 1659 III,
779 1626 821 1663 7,
844 1612 900 1651 τα
917 1609 1180 1651 ἐπιθαλάσσια
1197 1611 1320 1666 χωρία
1343 1610 1560 1666 ἐπόρθησαν.
1581 1613 1650 1654 ubi
1717 1631 1720 1648 1

373 1665 628 1714 Scholiastes,
654 1663 674 1708 ἧ
698 1666 762 1706 ἐπὶ
785 1665 871 1706 ἀντὶ
889 1663 959 1706 τῆς
979 1667 1100 1718 παρα.
1126 1666 1312 1719 Idemque
1332 1665 1379 1705 ad
1393 1665 1467 1713 lv,
1495 1678 1558 1719 54,
1575 1665 1647 1709 τὴν
1715 1689 1720 1726 3

371 1718 441 1760 ἐπὶ
467 1718 516 1771 τῇ
548 1720 731 1771 θαλάσσῃ
756 1719 866 1760 ’πόλιν
900 1719 1117 1762 Σκάνὲειαν
1144 1720 1306 1773 exponit
1332 1718 1401 1760 τὴν
1425 1722 1534 1772 παρα
1565 1721 1647 1760 δίι-
1712 1731 1714 1770 j

369 1784 528 1814 λασσαν
558 1774 734 1827 κειμένην.
761 1773 896 1827 Itaque
932 1772 1147 1828 suspectum
1162 1773 1258 1827 est,
1294 1773 1402 1828 quod
1427 1773 1577 1836 ‘ibidem
1603 1775 1645 1816 in
1715 1773 1732 1828 ᾖ,

368 1825 602 1881 Thucydide
626 1829 790 1883 legitur,
809 1826 1000 1868 ἔπλευσαν
1023 1827 1060 1868 ἔς
1085 1843 1133 1869 ’τε
1160 1827 1301 1870 Ἀσίνην
1329 1827 1398 1868 καὶ
1418 1822 1556 1876 Ἐλωσ,
1579 1830 1645 1871 καὶ
1705 1829 1724 1879 ²2

366 1883 424 1922 τὰ,
448 1883 624 1923 πλεῖστα
646 1883 720 1924 τῶν
736 1880 818 1931 περὶ
841 1882 1061 1923 θάλασσαν.
1648 1927 1651 1932 ,
1700 1900 1721 1926 ·,

381 1978 385 1984 ,
421 1937 514 1990 Pag.
538 1938 624 1979 162.
649 1938 674 1977 l.
707 1948 740 1977 t.
767 1935 1040 1989 Ἀλέξανὸρος)
1065 1936 1267 1988 Amyntae
1299 1933 1425 1982 filius,
1456 1933 1640 1990 septimus

362 1989 619 2034 Macedoniae
635 2005 728 2039 rex,
745 1991 814 2046 qui
830 1991 971 2031 Xerxis
988 1990 1091 2030 bello
1104 2003 1127 2030 a
1141 1989 1348 2031 Medorum
1370 1989 1543 2044 partibus
1565 1989 1640 2031 ste·
1732 2027 1734 2030 .

360 2045 428 2092 tit,
447 2045 595 2100 semper
621 2057 751 2087 tamen
774 2057 864 2085 cum
888 2044 1049 2085 Graecis
1071 2050 1087 2094 (
1100 2044 1202 2085 unde
1235 2043 1458 2096 φιλέλληνος
1487 2057 1638 2098 cogno-

361 2111 453 2139 men
479 2101 595 2150 tulit)
622 2100 779 2141 occulte
805 2099 1011 2139 amicitiam
1039 2097 1192 2139 fovens.
1215 2098 1354 2138 Huns.
1386 2096 1452 2138 De
1475 2096 1569 2138 serie
1594 2098 1638 2139 &
1688 2099 1690 2102 ’
1723 2097 1726 2107 ’

357 2150 595 2195 succeffione
619 2168 756 2208 regum
778 2153 1037 2194 Macedoniae
1051 2183 1066 2200 ‚
1089 2153 1214 2206 deque
1237 2151 1422 2192 divisione
1449 2151 1637 2192 Macedo-

357 2206 445 2247 niae
475 2208 515 2248 in
542 2210 774 2249 maritimam
799 2207 840 2248 &
869 2207 1210 2253 mediterraneam,
1237 2206 1311 2259 legi
1339 2205 1500 2252 debent,
1534 2218 1636 2258 quae
1692 2211 1695 2235 ·'
1715 2250 1719 2252 ,

354 2258 501 2314 scripsit
526 2276 690 2316 magnus
709 2262 735 2303 S
763 2261 962 2302 anhemius
994 2260 1147 2302 Differt.
1177 2259 1281 2307 VII,
1306 2273 1342 2314 p.
1369 2271 1439 2313 371
1471 2259 1513 2299 δι
1530 2259 1634 2314 seqq.
1687 2254 1734 2313 „l

352 2314 413 2354 ed.
446 2315 515 2355 ult.
553 2317 600 2357 de
624 2316 719 2357 Prae
753 2346 762 2357 .
791 2316 834 2356 δι
864 2314 937 2355 usu
967 2315 1155 2355 Numism.
1186 2314 1328 2368 quibus
1363 2313 1516 2367 egregie
1545 2313 1633 2354 illu·
1708 2328 1714 2346 ·-

351 2366 545 2417 strantur,
566 2383 669 2424 quae
699 2370 746 2411 de
770 2382 894 2424 regno
926 2369 1191 2410 Macedonum
1224 2367 1340 2409 variis
1370 2366 1469 2408 locis
1506 2366 1633 2409 scribit
1674 2391 1675 2394 =
1712 2370 1726 2406 ζ

349 2419 615 2476 Thucydides.

403 2480 478 2517 ead.
517 2478 541 2517 l.
568 2492 604 2518 2.
635 2475 809 2532 Πρόγονοι
833 2471 954 2516 advo&
973 2474 1208 2530 Τημενίὸαι)
1233 2475 1631 2538 ΜᾶσεάοηίεεΝῐεςεξ
1669 2495 1671 2507 1

347 2529 557 2574 Herodoto
586 2531 636 2585 (1.
656 2546 699 2584 7,
724 2542 758 2572 c.
784 2533 903 2584 ¹73·)
931 2530 1112 2571 dicuntur
1135 2529 1320 2586 ἀπέγονοι
1347 2533 1536 2584 Τημενου,
1559 2543 1626 2586 qui
1668 2573 1671 2587 ,Ἰ
