1734 3158
382 226 472 274 116
665 212 1357 268 THUCYDIDIS

378 318 646 386 ηνοίγκαζον’
635 339 675 376 ες
696 340 741 369 το
758 312 889 389 ἔργον.
914 321 948 369 οἱ
970 307 1015 367 δε
1033 315 1334 381 Πλαταιῆς,
1316 337 1475 412 ορωντες
1489 341 1535 368 το
1549 338 1646 380 χω-

380 419 455 469 μα
479 395 705 481 αἱρὸμενον,
725 390 879 456 ξυλινον
897 394 1037 455 τεῖχος
1056 388 1272 481 ξυυνθέντες,
1289 415 1366 444 και
1386 391 1647 484 {murno-aas·-

379 496 447 532 τες
467 497 530 544 τῳ
549 468 702 523 ἑαυτων
720 474 852 532 τείχει
869 469 890 535 ᾖ
906 467 1163 560 προσεχοῧτο
1174 505 1186 524 ,
1207 468 1517 540 ἐο-ῳκοὸὄμουν’
1506 491 1546 527 ες
1564 472 1646 520 αὐ·-

378 573 425 601 το
451 548 708 605 πλίνθους,
698 566 747 597 εκ.
771 569 849 598 των
877 542 1018 610 ἐγγυς
1053 543 1186 597 οἶκιων
1190 544 1521 637 καθαιροῦντες.
1555 542 1646 608 ξύν-ε

381 626 536 696 ὃεσ-μος
550 618 636 675 δ’
611 628 653 683 ἦν
673 624 812 680 αὐτοῖς
829 643 892 673 τα
909 617 1048 683 ξύλα,
1065 621 1136 672 τοῦ
1152 644 1214 692 μη
1225 658 1236 676 ,
1253 617 1418 687 ὑψηλον
1437 620 1648 691 γιγνόμε-

318 745 324 750 .
380 726 461 757 νον,
483 691 731 756 &Seres
689 706 790 750 εἶναι
811 720 857 749 το
878 696 1150 786 οἶκοὸομημα.
1173 719 1250 748 και
1275 694 1648 794 προκαλυμματα

380 787 472 841 εἶχε
491 773 652 863 ὃερῥεις,
673 795 751 826 και
770 768 1037 845 ὃιφθέρας,“
1006 794 1119 824 coo-‘re
1139 795 1232 830 τους
1250 769 1545 846 ἐργαζομένους
1567 796 1647 825 και

380 876 442 906 τα
455 850 572 915 ξυλα
584 873 693 921 μητε
708 848 963 943 πυρφόροις’
947 851 1093 905 οἷο-τοῖς
1108 847 1438 910 βαλλεο-θαι’
1399 887 1411 905 ,
1427 871 1464 902 εν
1480 855 1649 914 ἀσφα-

381 935 488 981 λεία
505 950 551 980 τε
580 926 695 979 εἶναι.
720 947 829 998 mpero
854 916 899 977 ὁὶ
916 920 963 976 τὶ
985 922 1094 991 ὕψος
1111 925 1182 977 τοῦ
1206 930 1371 990 τείχους
1391 923 1544 998 μέγα,
1567 949 1647 978 και

379 1029 427 1060 το
453 1025 598 1075 χωμα
616 1006 659 1053 οὐ
677 1007 949 1073 σχολαίτερον
968 1023 1157 1067 αντανηει
1183 1003 1315 1075 αὐτῷ.
1339 1025 1417 1054 και
1443 1008 1477 1055 οἱ
1500 1003 1647 1055 Πλα-

378 1084 501 1146 ταίῇς
518 1079 664 1132 ‘romule
682 1102 722 1130 τι
742 1079 956 1130 ἐπινοοῦσι.
974 1077 1171 1135 demorarer
1189 1102 1259 1132 του
1274 1083 1437 1143 τείχους
1452 1104 1473 1146 n
1493 1102 1647 1153 προσ-ε-

377 1178 513 1212 πιπτε
532 1179 578 1207 το
595 1177 759 1244 χωμα,
782 1153 1002 1245 ὲο-εφορουν
1017 1177 1086 1214 την
1112 1176 1205 1219 γην.

454 1256 554 1286 οστ.
584 1231 650 1283 Οἱ
676 1223 722 1282 δῖ
746 1227 1078 1291 Πελοποννησιοι
1091 1229 1427 1320 αἶσθὸμενοι,’
1415 1253 1452 1284 εν
1479 1253 1647 1322 rapo-otc

377 1309 590 1378 καλάμου
609 1302 743 1369 πηλον
767 1309 1012 1364 ἐνείλλοντες
1035 1302 1283 1368 ἐσέβαλον
1272 1329 1311 1366 ες
1337 1331 1383 1360 το
1405 1304 1644 1383 διῃρημένον,

376 1472 600 1519 praeerant,
619 1460 729 1516 operi
751 1458 981 1515 praepositi,
1002 1458 1050 1499 ad
1070 1471 1171 1514 opus
1187 1459 1387 1514 urgebant.
1411 1454 1647 1501 Plataeenses

375 1544 477 1574 vero
510 1531 616 1571 hunc
641 1540 824 1582 aggerem
856 1527 994 1568 extolli
1027 1532 1225 1568 'cernentes
1240 1558 1252 1577 ‚
1291 1539 1449 1568 murum
1476 1527 1648 1582 ligneum

377 1597 709 1654 composuerunt,
733 1595 884 1650 suisque
909 1595 1029 1636 muris
1052 1595 1317 1651 imposuerunt
1345 1596 1395 1637 ab
1421 1596 1485 1637 illa
1513 1606 1648 1652 parte,

378 1682 457 1723 qua
477 1682 596 1724 agger
618 1667 886 1716 excitabatur;
911 1666 1154 1721 alterumque
1173 1682 1332 1709 murum
1356 1669 1564 1710 lateritium
1586 1670 1647 1709 in·

376 1748 437 1779 tra
453 1739 624 1793 ligneum
641 1736 893 1778 aedificarunt
902 1767 914 1786 ,
927 1737 1128 1777 materiam
1144 1749 1195 1778 ex
1209 1737 1347 1778 vicinis
1361 1737 1538 1788 aedibus,
1551 1751 1649 1792 quas

376 1809 706 1858 demoliebantur,
721 1807 974 1848 detrahentes.
995 1808 1123 1861 Lignis
1145 1819 1274 1848 autem
1295 1808 1504 1850 internexis
1526 1820 1648 1850 mate-

375 1879 474 1919 riam
494 1877 753 1932 colligabant,
781 1889 830 1917 ne
855 1874 1094 1918 succrescens
1119 1876 1332 1918 aedificium
1363 1876 1561 1919 infirmum
1589 1877 1648 1920 es-

378 1947 446 1990 set.
475 1948 656 1990 Habebat
678 1958 810 1990 autem
828 1948 1071 1988 munimenta
1094 1948 1268 1999 obieeta,
1295 1949 1439 2004 quibus
1465 1960 1646 2005 protege-

374 2030 484 2061 retur
496 2051 510 2071 ,
531 2019 661 2070 coria,
681 2019 725 2060 δι
743 2029 951 2067 centones3
979 2029 1024 2059 ut
1045 2018 1087 2059 &
1105 2020 1173 2073 qui
1192 2019 1234 2059 in
1254 2031 1378 2074 opere
1395 2031 1506 2061 erant
1523 2033 1646 2062 occu-

376 2088 481 2143 pati,
500 2088 542 2130 &
561 2088 666 2142 ligna
684 2087 763 2143 ipsa
783 2087 901 2128 nullis
922 2088 1090 2141 igniferis
1111 2087 1311 2130 miffilibus
1329 2099 1571 2145 peterentur3
1585 2100 1650 2131 ut-

374 2171 454 2212 que
481 2158 521 2198 in
546 2168 635 2199 tuto
663 2156 792 2198 essent.
819 2158 964 2199 Murus
983 2169 1116 2200 autem
1142 2159 1182 2199 in
1205 2171 1384 2213 magnam
1409 2159 1645 2201 altitudinem

374 2227 658 2278 extollebatur,
669 2227 712 2268 δι
725 2239 843 2282 agger
861 2241 943 2268 non
954 2226 1108 2282 segnius
1119 2241 1168 2270 ex
1181 2228 1345 2270 adverso
1365 2241 1505 2271 contra
1522 2229 1645 2286 ipsum

374 2297 567 2352 surgebat.
590 2299 826 2340 Plataeenses
850 2312 951 2341 vero
970 2300 1048 2341 tale
1066 2300 1245 2355 quiddam
1268 2302 1503 2355 excogitant.
1525 2300 1648 2342 Inter·

375 2366 457 2409 ciso
477 2380 621 2418 muro,
649 2382 727 2422 qua
747 2380 865 2423 agger
893 2369 982 2448 urbi
1005 2370 1255 2422 imminebat,
1283 2370 1386 2412 illius
1415 2371 1615 2412 humum
1605 2383 1647 2412 m

374 2451 462 2480 eam
486 2438 759 2492 importabant.

428 2506 613 2550 LXXVI.
638 2506 692 2548 At
718 2506 1007 2562 Peloponnesii,
1028 2508 1099 2551 hac
1123 2522 1166 2552 re
1191 2510 1382 2564 cognita,
1410 2520 1578 2552 coenum
1603 2509 1646 2550 in
