1734 3158
373 205 463 269 5&
571 204 1448 254 ANNOTATIONES

368 293 452 333 λὺοι
472 291 540 334 τὴν
561 292 757 340 διάβασιν.
779 295 873 335 Hoc
896 293 969 345 est,
985 293 1092 348 quod
1114 293 1288 348 Dionys.
1310 294 1506 336 Halicarn.
1526 294 1650 347 Tomi

369 346 430 394 ΙΙ,
459 360 546 401 pag.
575 362 646 403 133
673 349 716 389 δι
741 363 817 403 134
840 349 958 399 dicit,
982 349 1258 401 Thucydidem
1277 351 1322 388 το
1347 349 1553 403 ῥηματικὸν
1574 351 1656 390 ὄνοι

366 401 574 453 μαστικῶς
603 402 790 454 ἐκφέρειν,
817 403 858 443 &
887 403 1164 455 σχηματίζειν.
1193 403 1242 443 Et
1271 401 1323 443 fic
1351 416 1401 444 ex
1431 404 1652 444 imitatione

370 455 616 509 Thucydidis
644 458 762 496 etiam
793 455 966 509 Dionys.
993 457 1029 497 11
1050 457 1242 511 Antiquit.
1268 471 1314 507 41
1332 486 1346 503 ,
1382 458 1551 497 κωλυταὶ
1581 456 1650 496 τοῦ

372 510 429 549 εἰς
450 510 563 550 τέλος
578 509 763 563 ἀνάνδρου,
785 510 969 565 ἑγίνοντοε
992 511 1035 551 &
1057 510 1171 558 VIII,
1195 525 1256 564 59,
1279 509 1356 564 οὐχ
1370 509 1485 552 ἱκανοὶ
1505 511 1652 564 ἐγένον-

373 577 420 602 το
443 564 613 604 κωλυταὶ
634 563 704 605 τῆς
724 563 926 618 συμφορᾶς.
945 563 1095 605 Rursus
1112 565 1298 617 Thucyd.
1321 563 1399 612 111,
1417 579 1465 612 2,
1483 564 1652 615 μηνυταὶ

375 619 578 672 γίγνονται
601 617 680 658 τοῖς
700 617 910 658 Ἀθηναίοις.
929 617 1098 670 Dionys.
1117 618 1200 666 XI,
1220 619 1270 660 26
1283 649 1298 666 ,
1311 618 1480 669 μηνυτὴς
1497 618 1650 674 ’γίνεται

369 670 427 721 τῷ
449 670 631 722 δεσπότῃ.
654 672 746 712 Vid.
765 670 928 712 casaub.
950 672 998 711 ad
1023 671 1192 725 Dionys.
1216 686 1254 725 p.
1289 673 1347 712 16.

425 726 518 777 Pag.
542 739 631 774 204.
650 726 673 765 I.
708 740 742 765 1.
770 726 841 765 Καὶ
870 724 1062 779 ἐτόξευον)
1083 726 1130 766 In
1157 724 1384 780 quibusdam
1404 726 1469 767 καὶ
1491 724 1653 768 ἐντεῦθεν

372 778 555 831 ἐτόξευον.
581 779 704 827 male,
727 792 776 820 ex
799 778 1001 834 superiore
1022 779 1128 820 loco,
1148 782 1294 820 WAss.
1421 822 1425 823 ⁷

427 837 502 872 ead.
517 834 542 873 l.
555 847 591 883 4.
608 832 852 887 Πλαταιέων)
872 833 963 886 Leg.
988 832 1217 880 Πλαταιῶν,
1233 833 1452 875 tacentibus
1467 847 1550 875 non
1569 845 1651 876 tam

371 886 502 934 libris,
532 900 650 941 quam
666 887 735 941 qui
759 886 846 927 illos
865 888 1092 940 traciarum.
1119 886 1244 927 IDEM.
1276 912 1287 919 ,

430 944 505 981 ead.
526 942 552 981 l.
578 956 638 996 13.
658 941 972 995 Ἀνδροκράτους)
1002 941 1061 981 Ita
1093 940 1181 982 Mss'.
1210 941 1438 982 Herodotus
1462 941 1520 983 IX
1527 972 1547 990 ,
1575 954 1652 995 25:

370 994 599 1038 Ἐτέισσοντο
628 997 736 1035 κατὰ
759 994 879 1042 ἔθνεα,
904 995 1065 1036 πλησίον
1093 994 1162 1036 τιῖς
1185 1009 1229 1035 τε
1254 991 1382 1049 κρήνης
1404 994 1471 1037 τῆς
1492 1000 1652 1050 Γαργα-

377 1050 482 1098 φίης,
511 1050 577 1089 καὶ
608 1048 677 1089 τοῦ
708 1050 882 1100 Τεμὲνεος
911 1048 983 1089 τοῦ
1010 1048 1289 1102 Ἀνδροκράτεος
1319 1047 1387 1089 τοῦ
1410 1043 1554 1101 Ἥρωος.
1582 1049 1651 1090 ubi

374 1102 507 1143 Lamb.
530 1104 571 1144 &
593 1103 643 1144 G.
675 1103 789 1143 ἀλλὰ
816 1100 904 1155 ῗιμα
929 1105 1107 1143 παντας;
1133 1103 1356 1144 Medicaeus
1380 1103 1474 1143 nihil
1501 1114 1651 1144 movet.

371 1157 461 1197 Fuit
476 1157 539 1197 ille
554 1158 633 1197 dux
649 1157 935 1197 Plataeenfium.
952 1156 1144 1197 Plutarch.
1161 1157 1344 1212 Ἀριστιδ.
1369 1163 1456 1212 325.
1471 1156 1651 1212 Respon-

374 1211 429 1251 dit
449 1211 600 1265 Apollo
610 1242 622 1262 ,
637 1211 786 1252 laturos
799 1223 849 1251 ex
867 1211 992 1252 Medis
1007 1210 1208 1252 vieloriam
1230 1211 1482 1252 Athenienses
1494 1242 1509 1259 ‚
1524 1211 1555 1251 si
1575 1224 1652 1252 vo-

375 1277 416 1305 ta
429 1265 602 1316 Νύμφαις
618 1266 852 1320 Σφραγίτισι
868 1266 945 1306 &c.
960 1263 1263 1319 nuncupassent,
1285 1265 1350 1305 καὶ
1366 1264 1529 1307 θύοντας
1542 1259 1653 1319 Ἥρω.

376 1334 435 1360 σιν
450 1323 759 1359 ΑΝΔΡΟΚΡΑΤΕΙ
768 1349 783 1367 ,
798 1318 972 1367 Λεύκωνι,
986 1318 1221 1372 Πεισάνδρῳ,
1233 1317 1478 1372 Δαμοκράτει
1477 1349 1501 1376 2
1511 1318 1652 1371 Ὑψίω-

376 1388 434 1420 νι,
455 1373 682 1421 Ἀκταίωνι,
703 1372 881 1424 Πολυίδου
899 1396 945 1403 -
965 1373 1212 1427 Ἀρχηγέτου
1230 1372 1456 1414 Πλαταιέων
1476 1375 1581 1415 ἦσαν.
1600 1394 1648 1405 --

369 1425 493 1468 αὐτοῦ
516 1427 556 1468 δ’
585 1422 623 1470 ἦν
647 1428 711 1467 καὶ
735 1430 778 1466 το
809 1426 876 1467 τοῦ
903 1426 1187 1481 Ἀνδροκράτους
1217 1424 1502 1488 ἧρῶον,·ἐγγὺς
1535 1428 1651 1468 ἄλσει

375 1482 525 1522 πυκνῶν
547 1482 613 1522 καὶ
647 1481 806 1522 συσκίων
831 1480 989 1534 δένδρων
1015 1481 1295 1542 περιῖχόμενον.
1321 1479 1373 1520 ibi
1406 1493 1480 1535 pro
1512 1481 1652 1523 Νυσίων
1729 1482 1734 1495 ⁴

373 1535 460 1588 lege
477 1536 604 1577 Ὕσίων
625 1549 715 1576 cum
736 1534 809 1575 Ms.
841 1535 883 1575 &
905 1534 1142 1589 διαμαρτειν.
1165 1535 1286 1575 Paulo
1318 1533 1427 1575 aliter
1447 1544 1652 1576 enumerat

375 1590 557 1631 Clemens
578 1589 692 1630 Alex.
714 1589 880 1630 Cohort.
900 1604 937 1644 p.
963 1603 1031 1643 35:
1053 1588 1332 1650 Ἀνδροκράτει,
1354 1589 1420 1629 καὶ
1450 1589 1651 1642 Δημοκρα-

375 1658 436 1684 τει
452 1674 466 1691 ,
488 1646 552 1683 καὶ
575 1643 750 1694 Κυκλαίῳ
770 1643 836 1683 κοι)
859 1643 1025 1684 Λεύκωνι.
1045 1643 1162 1684 Forte
1187 1642 1280 1683 latet
1295 1656 1333 1682 in
1353 1655 1455 1684 voce
1476 1642 1652 1694 Κυκλοιίῳ
1729 1649 1734 1668 ²

375 1699 530 1739 vitium.
547 1699 635 1739 Hos
646 1727 656 1746 ,
680 1699 842 1752 opinor,
855 1696 1089 1738 contestatus
1101 1697 1156 1737 est
1175 1696 1433 1737 Archidamus
1448 1696 1501 1744 11,
1517 1710 1582 1747 74.
1600 1696 1650 1738 de

375 1753 579 1793 Anaeone
606 1750 771 1793 Aristaei
793 1751 899 1798 filio,
922 1765 945 1791 a
963 1751 1136 1792 Chirone
1155 1751 1344 1799 educato',
1368 1750 1409 1791 δι
1430 1751 1469 1790 in
1494 1749 1651 1791 Cithae·

373 1820 474 1847 rone
493 1820 515 1847 a
528 1806 604 1848 suis
616 1806 776 1847 canibus
788 1806 991 1846 devorato.
1011 1805 1088 1846 vid.
1101 1805 1388 1859 Apollodorum
1402 1803 1472 1852 ΙΙΙ,
1494 1819 1536 1854 4,
1549 1803 1651 1845 Dio·

346 1895 350 1897 μ
378 1862 519 1902 dorum
537 1875 576 1915 p.
600 1874 685 1915 195.
710 1860 756 1901 de
778 1859 946 1912 Polyido
966 1859 1234 1914 Apollodorus
1259 1858 1341 1907 111,
1369 1870 1402 1910 3.
1423 1859 1570 1900 WAss.
1702 1868 1708 1882 ·

433 1916 524 1967 Pag.
551 1929 641 1968 205.
661 1915 684 1953 l.
705 1916 742 1955 6.
766 1913 927 1963 Ὕσιάς)
951 1914 1011 1954 Ita
1032 1913 1118 1954 Mff.
1142 1914 1184 1954 &
1206 1911 1336 1975 Steph.
1357 1912 1450 1953 Vid.
1477 1910 1652 1953 nostrum
1724 1918 1726 1920 ’

375 1969 462 2010 Lib.
482 1970 540 2016 V,
564 1970 629 2024 83.
646 1967 805 2009 Pausan.
833 1968 975 2009 Boeot.
997 1967 1083 2015 IX,
1115 1983 1160 2008 2:
1184 1966 1219 2007 ἐν
1238 1981 1294 2018 τῳ
1317 1963 1500 2021 Κιθαιρῶνι
1523 1967 1582 2006 ὂλ’
1615 1981 1653 2008 ον

374 2022 444 2066 τῆς
461 2019 600 2064 εὐθείας
621 2046 666 2054 -
687 2020 818 2063 ‘To-ich
853 2023 918 2063 καὶ
944 2020 1102 2075 Ἐρυθρῶν
1124 2020 1270 2074 ἐρείπιά
1297 2020 1392 2061 ἐστι.
1413 2018 1562 2061 Confer
1607 2019 1626 2060 I
1637 2049 1654 2068 ,

376 2091 455 2127 24,
476 2077 598 2125 vlu,
618 2078 654 2117 6.
676 2076 867 2117 Herodot.
889 2077 974 2123 V1‚
998 2075 1098 2122 108,
1116 2075 1200 2122 IX,
1223 2086 1297 2129 15,
1321 2075 1379 2121 V,
1402 2087 1468 2125 74.
1491 2073 1650 2125 Κτίσμοι.

375 2142 461 2172 erat
482 2134 653 2172 Νυκτέως
676 2129 744 2172 τοῦ
771 2130 967 2171 Ἀντιόπης
984 2127 1139 2183 πατρός.
1159 2129 1252 2170 vid.
1276 2127 1510 2189 Wheleruin
1530 2127 1651 2168 Itine-

374 2183 1054 2294 ‘vis‘il'ss‘fgssssifissfssffffimelxis
1063 2184 1227 2291 ξ’·ςῗιέἰί
1243 2182 1473 2276 ἕσῗὲἶὼὸὲ
1489 2181 1655 2275 2¹33:

326 2330 331 2334 .
374 2293 546 2347 pharius:
571 2294 709 2340 Ὕσίοι,
739 2294 851 2334 πόλις
876 2291 1074 2338 Βοιωτίας,
1106 2292 1171 2331 καὶ
1204 2290 1329 2331 ἐνικὸς
1355 2290 1421 2329 καὶ
1445 2288 1648 2329 πληθυντι-

291 2344 321 2370 “’
375 2361 463 2386 κως·
492 2348 578 2401 περὶ
608 2344 651 2388 ’ἧς
687 2346 924 2387 Θουκυδίδης
957 2344 1072 2398 τρίτῃ.
1091 2343 1274 2385 ’Ἄποικος
1305 2342 1432 2396 Ὓρέων
1449 2371 1464 2390 ,
1495 2341 1650 2394 κτίσμοι

375 2400 558 2441 Νύκτεως.
579 2424 625 2432 -
648 2402 823 2441 Annotat
843 2401 897 2440 ibi
918 2398 1141 2445 Berkelius,
1154 2410 1238 2438 non
1253 2395 1328 2437 effe
1341 2396 1443 2451 apud
1456 2395 1648 2448 Thucyd.

374 2450 458 2501 111,
483 2453 544 2495 sed
567 2455 668 2509 apud
686 2456 914 2495 Strabonem
940 2453 1019 2502 IX,
1041 2466 1142 2502 404,
1167 2451 1217 2492 ad
1239 2451 1416 2491 verbum.
1442 2451 1534 2507 Non
1555 2448 1651 2490 affe-

373 2520 487 2550 cutus
514 2508 569 2550 est
591 2520 759 2550 mentem
782 2508 991 2564 Stephani,
1013 2507 1083 2561 qui
1113 2518 1195 2546 non
1221 2504 1342 2552 dicit,
1371 2504 1463 2554 ina,
1488 2516 1651 2549 αποικος,
