1734 3158
360 183 452 245 328
651 180 1343 230 THUCYDIDIS

362 267 717 346 Δημοσθενης
664 298 742 348 μεν
757 300 803 328 το
826 271 946 340 δεξιον
969 274 1094 366 κε’ρας
1113 273 1224 342 ἒχων
1241 300 1362 348 μετα
1380 278 1636 341 Μεσσηνίων

361 375 440 406 και
463 352 682 414 Ἀθηναίων
706 357 876 418 ὀλίγων
901 377 947 406 το
967 345 1010 406 δε
1031 354 1153 406 ἄλλο
1179 355 1479 428 Ἀκαρνᾶνες
1452 378 1508 414 ως
1527 349 1634 408 ’ἑκα-

362 453 456 482 στοι
482 425 736 500 τεταγμένοι
756 431 946 493 ἐπεῖχον,
967 453 1045 482 και
1068 430 1363 500 Ἀμφιλοχίαν
1380 436 1414 482 οἱ
1434 454 1632 505 παροντες

362 510 624 558 ἀκοντισταί.
644 503 977 567 Πελοποννησιοι
999 498 1046 558 δε
1067 530 1146 559 και
1166 505 1548 594 Ἀμπρακιωται
1526 531 1634 599 cova:-

365 579 446 653 pb}
460 577 736 651 τεταγμένοι,
753 575 869 643 πλην
887 579 1145 636 Rloevrave‘com
1169 579 1275 636 οὗτοι
1294 575 1366 636 ὃε’
1355 606 1392 635 εν
1412 609 1472 656 τῳ
1491 582 1635 636 εὐωνο-

368 682 444 730 paq>
459 659 659 729 μαλλον,
680 678 758 709 και
775 661 818 709 οὐ
836 681 881 709 το
897 679 1022 730 nepotc
1033 682 1156 752 ακρον
1172 678 1353 723 εχοντες,
1369 654 1539 733 αθροοι’
1514 683 1633 721 ησαν.

366 738 481 786 ἀλλ’
503 729 790 826 Εὐρύλοχοςν
764 755 950 796 εσχατον
970 733 1061 799 εἶχε
1081 758 1127 787 το
1150 735 1369 807 εὐωνυμον,
1387 759 1465 788 και
1486 760 1520 788 οι
1539 739 1636 808 μετ’

366 808 498 862 αὐτοῦ
510 847 522 866 ,
543 831 668 862 κατα
688 809 952 870 Μεσσηνίους
969 834 1046 862 και
1070 808 1367 881 Δημοσθένην.

443 878 511 958 ρηΙ.
539 885 633 943 “Ως
656 885 732 936 δ”
721 906 758 938 εν
774 908 916 958 χερσιν
939 884 1060 948 ηὸη
1032 904 1137 945 οντες
1143 910 1374 980 περιεσχον
1391 889 1454 960 τῷ
1475 885 1579 962 κέρα
1597 894 1633 941 οἱ

366 959 722 1022 Πελοποννησιοι,
744 985 822 1014 και
845 962 1090 1017 ἓκυκλουντο
1117 986 1164 1016 το
1186 960 1307 1027 δεξιον
1324 988 1403 1017 των
1426 967 1608 1018 ἐναντίων
1621 1003 1634 1020 ,

368 1044 405 1090 οἱ
422 1041 472 1091 ἐκ,
495 1062 566 1099 της
586 1034 740 1111 ἒνέὃρας
761 1038 1068 1112 Ἀκαρνανες,
1056 1062 1335 1111 επιγενομενοι
1354 1044 1494 1099 αὐτοις
1514 1063 1639 1094 κατα

369 1137 518 1169 νωτου,
539 1118 860 1186 προσ-πίπτουσί
875 1137 943 1171 τε,
972 1138 1051 1168 και
1078 1138 1314 1209 τρεπουσιν,
1339 1115 1450 1169 ὥστε
1471 1139 1579 1186 μητε
1599 1120 1638 1175 ἐς

371 1184 513 1252 ἄλκην
528 1193 751 1260 ὑπομειναι
761 1229 773 1246 ,
792 1189 1054 1253 φοβηθέντας
1068 1215 1115 1245 τε
1136 1195 1176 1250 ἐς
1191 1187 1339 1259 φυγην
1355 1215 1433 1246 και
1449 1217 1494 1244 το
1510 1191 1639 1245 πλέον

371 1267 442 1321 τοῧ
455 1263 775 1341 στρατεύματος
792 1290 1089 1330 καταοἻησ-αι.
1108 1264 1246 1332 επειὸη
1262 1291 1354 1338 γαρ
1369 1266 1518 1322 εἶδον
1477 1293 1522 1322 το
1538 1270 1639 1321 κατ’

371 1419 593 1462 mosthenes
619 1430 749 1462 autem
776 1435 866 1463 cum
894 1419 1088 1463 Mess'eniis
1116 1421 1158 1463 δι
1188 1421 1322 1477 paucis
1346 1421 1644 1464 Atheniensibus

369 1489 550 1530 dextrum
572 1502 697 1531 cornu
710 1490 887 1532 tenebat:
908 1491 1072 1532 alterum
1091 1504 1190 1533 vero
1202 1523 1214 1542 ,
1234 1491 1481 1542 Acarnanes,
1499 1501 1546 1533 ut
1564 1492 1644 1532 cui-

374 1573 454 1615 que
482 1560 598 1601 locus
617 1561 659 1600 in
680 1561 761 1601 acie
787 1561 1003 1615 obtigerat,
1023 1561 1065 1602 δι
1083 1560 1436 1617 Amphilochorum
1462 1562 1647 1604 iaculato-

372 1643 460 1680 res,
487 1629 557 1684 qui
579 1628 762 1679 aderant,
783 1629 1023 1671 obtinebant.
1056 1630 1326 1686 Peloponnesii
1347 1643 1449 1673 vero
1479 1632 1523 1672 δι
1545 1631 1644 1672 Am·

372 1700 573 1742 braciotae
597 1698 814 1754 promiscue
840 1698 1013 1741 instructi
1039 1711 1175 1751 erant,
1204 1701 1373 1756 exceptis
1395 1701 1647 1743 Mantinenfi-
1707 1698 1710 1699 ⁷

371 1769 461 1810 bus.
484 1770 524 1810 hi
549 1770 655 1810 enim
677 1768 717 1809 in
744 1767 861 1809 laevo
884 1768 1041 1823 potius,
1064 1782 1146 1810 non
1167 1780 1299 1811 tamen
1328 1779 1507 1811 extremo
1535 1770 1645 1824 peni·

373 1848 438 1878 tus
457 1838 499 1877 in
521 1850 671 1887 cornu,
701 1835 870 1878 conferti
899 1835 1061 1879 stabant.
1100 1837 1174 1879 Sed
1199 1838 1454 1892 Eurylochus
1468 1869 1483 1888 ,
1510 1839 1553 1880 &
1576 1840 1646 1894 qui

375 1920 466 1948 cum
487 1920 538 1948 eo
567 1917 700 1957 erant,
725 1919 748 1948 e
777 1906 1248 1961 regione-„Mess'eniorum
1273 1908 1317 1950 δι
1347 1907 1646 1960 Demosthenis,

378 1987 599 2017 extremum
625 1976 783 2017 laevum
805 1988 932 2017 cornu
955 1976 1152 2017 tenebant.

433 2044 580 2085 CVIII.
608 2043 713 2085 Cum
736 2052 866 2084 autem
887 2055 1027 2084 manus
1045 2043 1143 2083 inter
1161 2041 1199 2084 se
1220 2042 1295 2084 iam
1316 2042 1585 2092 consererent,
1604 2044 1647 2085 δι

377 2114 646 2171 Peloponnefii
672 2128 798 2156 cornu
820 2113 1039 2170 superiores
1070 2113 1213 2163 essent,
1239 2113 1282 2154 δι
1304 2113 1482 2154 dextrum
1509 2115 1652 2156 adver-

379 2184 566 2227 sariorum
589 2186 921 2228 circumvenirent
935 2214 949 2233 ‚
976 2184 1199 2226 Acarnanes
1213 2215 1225 2233 ,
1257 2182 1326 2237 qui
1347 2183 1386 2222 in
1409 2182 1549 2224 infidiis
1570 2183 1652 2224 col-

379 2255 498 2298 locati
518 2256 700 2305 fuerant,
719 2256 805 2298 illos
832 2270 855 2297 a
876 2267 991 2310 tergo
1016 2254 1245 2295 adoriuntur
1258 2282 1271 2302 ‚
1294 2251 1471 2307 fafiaque
1494 2253 1653 2308 impres-

380 2326 490 2368 fione
512 2327 553 2366 in
579 2325 712 2379 fugam
738 2337 924 2376 vertunt,
959 2326 1010 2366 ita
1032 2337 1076 2366 ut
1106 2338 1155 2365 ne
1182 2325 1348 2378 primum
1373 2323 1528 2378 quidem
1551 2323 1652 2380 ipso·
1695 2318 1701 2335 ³

383 2410 472 2437 rum
500 2396 688 2450 impetum
715 2394 981 2444 sustinuerint,
1007 2393 1071 2434 sed
1100 2385 1220 2437 territi
1250 2393 1438 2433 maiorem
1463 2392 1653 2434 exercitus

384 2478 532 2524 partem
559 2467 600 2508 in
625 2464 759 2522 fugam
781 2467 1025 2509 coniecerim.
1051 2463 1257 2520 Postquam
1287 2464 1390 2509 enim
1413 2477 1559 2515 cornu,
1587 2462 1651 2506 cui
