1734 3158
348 224 412 289 78
641 224 1331 274 THUCYDIDIS

349 317 694 386 ὃιοοπεφευγὸτες
725 344 790 373 τον
823 343 869 373 τε
901 318 1147 382 &vno-mura,
1178 345 1258 373 nou
1285 346 1349 374 τον
1380 344 1615 393 πονουμενον

352 401 584 487 ᾠκτίζοντο,
612 394 683 449 διοο
713 421 758 449 το
781 395 1014 493 προειὸἔνοιι
1042 421 1108 454 τε,
1136 395 1214 450 κοῖι
1242 395 1359 450 αὐτοι
1391 398 1501 459 ηὸη’
1491 420 1527 451 εν
1553 399 1616 471 τῷ

349 474 446 548 &ap
448 470 601 545 σοολέῳ
621 472 736 530 sim.
757 470 823 531 δίς
842 496 935 542 γαρ
954 498 1019 526 τον
1038 470 1180 530 οιύτον,
1202 472 1313 526 ἀνα-τε
1332 497 1410 526 κοοι
1429 479 1614 530 κτείνειν,

349 554 428 604 οὐκ
427 498 748 620 Ιαέπ-ελοιμβοονε.
769 573 846 601 κοοι
866 550 1165 622 ἐμακαρίζοντο
1178 573 1223 602 τε
1242 547 1324 602 ὑπο
1340 574 1419 602 των
1436 550 1614 606 ἄλλων,

349 650 428 680 κοιι
447 624 564 679 αὐτοι
583 626 644 698 τῷ
664 648 945 721 ποοροιχρημοο
959 629 1236 716 περιχωρεῖ,
1219 624 1296 678 καὶ
1319 629 1360 685 ἒς
1379 650 1444 679 τον
1463 624 1618 679 ἔπειτα,

346 727 484 777 χρονον
508 698 736 759 {An-1809
699 726 739 753 τι
765 711 874 764 εἰχον
900 700 1061 763 κουῦης
1083 697 1236 773 μηδ’
1209 708 1260 754 ἀν
1285 706 1361 754 ὑπ’
1386 701 1553 774 οίλᾲου
1558 726 1619 755 νο-

347 803 586 871 σηματος
569 799 672 830 ποτε
699 801 758 830 ετι
786 777 1081 849 ὃιοοφθοορηνοιι.

358 913 361 916 ,
428 849 508 918 νβ.
535 854 711 907 Επίεσε
740 854 782 904 ὃ
809 851 960 912 αὐτους
962 855 1160 943 μοολλον
1180 877 1281 947 προς
1305 878 1367 927 τῳ
1385 853 1619 949 ὑπαρχοντι

349 931 467 1003 πόνῳ
479 954 556 983 κοιι
571 956 593 992 η
582 923 875 1000 ξυγκομιὸη
865 953 914 982 εκ
927 954 1004 982 των
1019 929 1164 1023 ἀγρων
1181 933 1221 989 ἒς
1234 954 1280 982 το
1301 930 1429 987 ‹iio-w,
1446 954 1523 983 κοιι
1535 936 1619 995 οὐχ

349 1004 478 1070 ὴο-ο-ον
504 1030 597 1064 τους
625 1005 890 1065 ἐπελθόντας.
921 1014 1053 1060 οῐκιων
1084 1003 1178 1073 γέιρ
1203 1029 1287 1070 ουχ
1312 1007 1618 1097 ὑπωρχουσων,

350 1088 464 1137 ἀλλ’
488 1086 524 1137 ἒν
544 1079 779 1144 κοολυβοιις
795 1085 1018 1178 πνιγηραῖς
1037 1080 1127 1156 ἱυρᾳ,
1146 1106 1256 1141 ετους
1277 1080 1619 1155 δὶαιτωμένων,ὁ

354 1160 539 1233 Φθόρος’
529 1165 742 1224 εγίγνετο,
773 1155 893 1211 οὐὸενι
919 1157 1101 1230 κόσμῳ,
1131 1155 1268 1211 ἄλλοι
1292 1182 1372 1212 xus
1401 1182 1521 1232 νεκροι
1551 1161 1619 1212 ἐπ·

331 1280 333 1283 .
352 1235 571 1297 ἀλληλοις
595 1231 965 1296 ἀποθνήσκοντες
940 1249 1102 1288 εκειντο·
1123 1258 1201 1287 κοοι
1224 1257 1260 1287 εν
1274 1238 1370 1294 ταῖς
1392 1236 1524 1294 ὁδοῖς
1513 1257 1622 1288 εκοο-

352 1313 574 1368 λινὸοῧντο,
597 1335 674 1363 scus
696 1333 788 1386 περι
808 1334 888 1370 τοις
909 1334 1057 1386 κρηνας
1081 1311 1299 1370 ἀπάσαις,
1323 1310 1551 1383 ἦμιθνητες,
1571 1336 1620 1378 τη

352 1459 542 1502 violentia
564 1459 747 1515 superati.
771 1459 830 1500 Illi
857 1469 1009 1510 tamen,
1035 1461 1106 1514 qui
1126 1458 1350 1510 evaserant,
1363 1459 1406 1501 &
1424 1473 1536 1510 eum,
1554 1461 1623 1514 qui

354 1530 617 1580 moriebatur,
639 1531 682 1571 &
704 1543 816 1580 eum,
839 1531 908 1584 qui
930 1529 1156 1580 laborabat,
1178 1530 1301 1584 magis
1323 1527 1623 1578 miserabantur;

356 1610 441 1641 tum
464 1598 572 1654 quod
602 1599 680 1639 hoc
710 1598 856 1639 malum
891 1598 1000 1653 prius
1030 1598 1178 1652 experti
1205 1596 1505 1652 cognoscerent,
1538 1607 1623 1638 tum
1646 1635 1650 1638 .

355 1669 475 1711 etiam
503 1666 615 1722 quod
644 1665 712 1721 ipsi
739 1666 779 1705 in
810 1675 902 1706 tuto
930 1665 1010 1705 iarn
1039 1665 1171 1705 essent.
1215 1666 1292 1706 Hic
1319 1666 1427 1706 enim
1461 1665 1625 1706 morbus

354 1739 521 1781 eundem
541 1738 599 1778 bis
619 1749 702 1777 non
721 1735 974 1790 corripiebat,
993 1735 1045 1775 ita
1063 1746 1108 1775 ut
1130 1748 1223 1776 eum
1242 1735 1358 1776 etiam
1377 1734 1627 1776 interimeret.

357 1812 407 1853 Et
430 1811 480 1851 ab
504 1809 585 1851 aliis
606 1808 708 1849 beati
732 1807 1008 1858 censebantur,
1029 1806 1178 1862 ipsique
1203 1819 1362 1863 propter
1386 1807 1625 1863 praesentem

355 1881 487 1922 salutis
504 1878 714 1934 insperatae
740 1878 923 1919 laetitiam
942 1877 1196 1928 exsultantes,
1218 1878 1412 1932 quandam
1433 1879 1549 1920 e'tiam
1571 1879 1628 1920 le-

356 1964 451 1992 vem
470 1948 575 2005 spem
593 1948 811 1998 habebant,
833 1946 871 1988 se
893 1960 943 1988 ne
955 1947 1033 1988 alio
1053 1947 1210 2001 quidem
1228 1946 1311 1987 ullo
1331 1945 1476 1988 morbo
1490 1946 1530 1987 in
1552 1959 1626 2000 po-

355 2021 500 2063 sterum
523 2019 690 2074 amplius
717 2031 892 2073 unquam
916 2016 1136 2058 absumtum
1161 2017 1220 2058 iri.

412 2092 492 2133 LII.
519 2090 627 2146 Ipsos
646 2102 776 2131 autem
790 2122 803 2141 ,
827 2100 978 2145 praeter
995 2090 1170 2131 laborem
1182 2121 1198 2139 ‚
1219 2102 1302 2144 quo
1324 2089 1403 2130 iam
1424 2089 1625 2131 vexaban-

359 2173 446 2212 tur,
472 2160 552 2216 ipsa
571 2174 731 2216 quoque
755 2174 887 2202 rerum
911 2174 960 2201 ex
989 2160 1090 2214 agris
1113 2161 1155 2202 in
1177 2160 1314 2200 urbem
1338 2162 1625 2215 comportatio,

294 2258 299 2263 <
360 2231 566 2288 praecipue
582 2222 694 2272 ¹vero
722 2231 908 2281 rusticos,
939 2231 1008 2285 qui
1037 2231 1077 2270 'm
1104 2242 1190 2271 eam
1220 2229 1515 2283 confluxerant,
1538 2244 1626 2285 gra-

360 2302 454 2343 vius
469 2298 611 2355 pressit.
637 2300 742 2341 Cum
762 2301 869 2340 enim
891 2313 972 2341 non
991 2298 1109 2340 effent
1132 2299 1263 2349 aedes,
1283 2298 1400 2341 sedin
1423 2300 1626 2355 tuguriolis

361 2369 545 2413 aestuosis
563 2370 618 2410 ob
639 2370 730 2410 anni
752 2381 904 2425 tempus
922 2370 1155 2420 habitarent,
1168 2369 1309 2424 strages
1321 2370 1526 2420 edebatur,
1541 2371 1627 2412 nul-

362 2441 405 2485 lo
423 2441 576 2483 ordine:
597 2441 691 2495 quin
705 2442 821 2481 etiam
835 2441 899 2481 alii
919 2440 1033 2496 super
1049 2441 1145 2482 alios
1163 2435 1392 2492 morientes,
1409 2443 1556 2483 mortui
1574 2443 1628 2482 ia.

366 2512 529 2563 cebant3
555 2511 599 2554 &
620 2511 660 2562 in
682 2511 781 2562 viis,
801 2511 843 2553 &
868 2512 972 2555 circa
1000 2510 1128 2554 fontes
1151 2525 1311 2564 omnes,
1335 2526 1458 2569 aquae
1485 2512 1628 2564 defideff
