1734 3158
351 131 445 199 338
614 127 1323 179 ·THUCYD1DIS

350 220 396 283 ὃε
422 249 486 281 νυν
509 229 767 296 ἀνακείμενα
792 227 828 278 ἒν
856 249 939 284 τοις
962 225 1204 284 ’Amnon‘
1189 229 1320 299 ιεροῖς,
1340 222 1615 298 Δημοσθενει

352 301 608 395 ἐξῃρέθησαν,
644 300 885 397 τριακὸσιαι
917 307 1189 396 πανοπλίαιΝ,
1216 325 1295 355 και
1321 301 1448 368 ἄγων
1475 305 1615 367 αὐτας

350 376 642 435 κατέπλευσε.
661 401 741 430 και
758 375 917 443 ἐγένετο
936 375 1043 450 ἅμα
1061 378 1179 451 αὐτῷ
1195 401 1314 450 μετα
1331 403 1400 440 την
1419 382 1456 433 ὲν
1472 382 1614 436 Αἰτω-

351 462 438 511 λία
462 451 733 527 ξυμφοραν’
711 476 802 506 omo
834 476 988 515 ταυτης
1017 478 1087 515 της
1114 456 1308 527 πράξεως
1339 454 1611 551 αδεεστέρα
1589 484 1614 522 η

350 533 534 591 κάθοδος.
552 529 740 591 ἁπηλθον
756 520 801 581 δε
815 553 893 582 και
909 536 942 582 οἱ
959 532 995 582 ἒν
1009 533 1104 589 ταῖς
1117 532 1244 583 εἰκοσι
1258 555 1399 584 ναυσίν
1414 532 1615 595 Ἀθηναῖοι

349 613 392 670 ἒς
411 606 698 662 Ναύπακτον·
719 606 968 678 Ἀκαρνᾶνες
985 597 1032 657 δε
1054 629 1132 659 και
1149 606 1444 676 Ἀμφίλοχοι,
1466 614 1614 663 ἀπελ-

351 686 491 740 θέντων
506 685 725 744 Ἀθηναίων
735 718 748 737 ,
766 679 843 734 καὶ
858 679 1189 754 Δημοσθένους,
1204 686 1286 741 τοῖς
1304 684 1360 742 ὡς
1376 683 1614 740 {ammaon

350 786 430 816 και
447 761 672 833 Ἀγραίους
690 757 1029 823 καταφυγοῦσιν
1047 757 1406 831 Ἀμπρακιῶταις
1423 783 1501 814 και
1479 760 1612 815 Πε-

349 842 626 898 λοποννησίοις
640 856 904 926 αναχωρησιν
920 835 1171 886 ἐσπείσαντο
1191 835 1234 897 ἐξ
1251 833 1472 890 Οἱνιαὸων
1497 838 1611 907 οἳπερ

350 938 430 968 και
449 907 768 984 μετανέστησαν
783 932 910 982 παρα
925 906 1160 962 Σαλννθιον
1178 932 1256 961 και
1275 911 1513 984 Ἀγραίους.
1533 921 1612 967 καὶ

349 993 392 1050 ἐς
406 1013 469 1042 τον
485 985 637 1041 ἔπειτα
650 1009 784 1058 χρονον
799 982 986 1044 σπονὸας
1001 1008 1079 1037 και
1057 983 1382 1057 ἕν’μμαχιαν
1370 1009 1615 1051 εποιησαντο
1647 1028 1651 1032 -

349 1061 497 1120 ἑκατον
517 1062 585 1124 ’ἔτη
606 1063 881 1154 Ἀκαρνανες
880 1084 959 1114 και
983 1062 1257 1133 Ἀμφίλοχοι
1282 1086 1382 1136 προς
1405 1064 1612 1159 ’Alam-pas-

349 1163 534 1199 κιωτας,
563 1136 633 1191 ἐπι
659 1138 868 1193 τοισὸε,
849 1159 958 1190 ωστε
985 1160 1094 1208 μητε
1121 1137 1466 1212 Ἀμπρακιωτας
1493 1164 1614 1212 μετα

349 1216 613 1290 Ἀκαρνανων
639 1235 874 1306 στρατευειν
900 1211 971 1265 ἒπι
996 1213 1379 1276 Πελοποννησίους,
1405 1240 1513 1287 μητε
1535 1219 1613 1271 'A-

348 1315 558 1368 καρνανας
569 1313 689 1362 μετα
704 1288 1067 1364 Ἀμπρακιωτων’
1057 1294 1124 1342 επ’
1140 1291 1383 1352 Ἀθηναίους
1397 1295 1554 1355 βοηθεῖν
1568 1286 1614 1347 δε

347 1455 455 1484 nunc
476 1442 517 1482 in
544 1439 698 1494 templis
718 1436 859 1479 Atticis
880 1436 1015 1480 affixae
1032 1437 1210 1480 visuntur
1222 1467 1236 1488 ,
1257 1437 1516 1482 Demostheni
1536 1439 1614 1496 pri-

347 1514 471 1556 vatim
492 1512 655 1554 honoris
675 1509 786 1552 causa
806 1508 916 1550 datae
939 1508 1119 1561 fuerunt,
1143 1523 1240 1565 quas
1257 1509 1319 1551 ille
1338 1510 1466 1552 secum
1483 1512 1523 1552 in
1541 1525 1612 1553 na-

338 1586 462 1628 wibus
483 1582 734 1637 absportavit.
754 1580 876 1621 Simul
896 1579 1012 1621 etiam
1035 1579 1124 1636 post
1145 1580 1290 1623 cladem
1309 1581 1350 1622 in
1370 1581 1528 1623 Aetolia
1550 1595 1613 1624 ac-

344 1666 493 1710 ceptam
504 1685 517 1704 ,
539 1653 594 1694 ob
610 1652 678 1694 has
695 1665 756 1693 res
780 1651 900 1706 gestas
918 1651 1062 1693 reditus
1084 1653 1123 1692 in
1148 1653 1309 1707 patriam
1328 1653 1365 1694 ei
1384 1653 1506 1694 tutior
1524 1651 1610 1694 fuit.

345 1722 598 1766 Athenienses
617 1735 777 1777 quoque
788 1751 798 1770 ‚
818 1721 889 1775 qui
905 1722 945 1761 in
963 1721 1103 1775 viginti
1123 1723 1292 1763 navibus
1309 1731 1439 1770 erant,
1454 1721 1612 1776 Naupa-

342 1791 450 1833 &um
473 1792 679 1833 redierunt.
702 1790 927 1832 Acarnanes
944 1803 1044 1831 vero
1066 1790 1109 1832 &
1122 1790 1373 1846 Amphilochi
1390 1789 1476 1846 post
1489 1790 1611 1833 Athe-

341 1860 530 1902 niensium
550 1860 592 1901 &
611 1858 884 1900 Demosthenis
903 1859 1098 1901 disceffum
1111 1891 1124 1911 ‚
1145 1860 1411 1902 Ambraciotis
1434 1861 1478 1902 &
1498 1861 1611 1903 Pelo-

340 1932 553 1988 ponnefiis,
576 1932 647 1987 qui
668 1931 716 1972 ad
735 1931 983 1985 Salynthium
1002 1932 1045 1972 &
1064 1931 1243 1985 Agraeos
1267 1929 1544 1985 confugerant,
1561 1930 1609 1972 fi-

340 2005 388 2045 de
409 2003 563 2060 publica
581 2001 806 2058 interposita
817 2034 829 2052 ‚
851 2015 901 2043 ex
913 2001 1100 2044 Oeniadis
1117 2002 1285 2043 abeundi
1304 2000 1530 2056 potestatem
1545 2002 1609 2043 de·

339 2076 500 2117 derunt:
520 2075 589 2130 qui
606 2076 721 2116 etiam
743 2075 793 2115 ad
814 2073 1058 2128 Salynthium
1082 2073 1124 2114 &
1140 2072 1318 2126 Agraeos
1338 2072 1609 2115 transiverunt.

339 2143 475 2186 Postea
492 2157 591 2186 vero
603 2144 826 2186 Acarnanes
846 2144 890 2186 δι
902 2142 1150 2199 Amphilochi
1166 2142 1303 2184 foedus
1324 2142 1366 2183 δι
1386 2140 1606 2183 societatem

338 2213 387 2254 ad
411 2226 566 2254 centum
591 2226 714 2254 annos
738 2227 831 2254 cum
852 2213 1116 2260 Ambraciotis
1141 2214 1375 2262 coiverunt,
1394 2212 1452 2252 his
1473 2213 1606 2254 condi-

337 2281 528 2322 tionibus:
550 2292 595 2322 ut
618 2295 744 2336 neque
760 2282 1036 2324 Ambraciotae
1059 2295 1149 2323 cum
1168 2282 1439 2323 Acarnanibus
1460 2282 1604 2323 bellum
1631 2274 1637 2280 ⁸

336 2348 621 2405 Peloponnesiis
646 2351 853 2402 inferrent,
879 2365 1005 2406 neque
1030 2365 1121 2393 cum
1142 2351 1404 2393 Ambraciotis
1427 2350 1605 2392 Acarna-

337 2429 406 2461 nes
427 2417 749 2469 Atheniensibus5
778 2418 841 2460 sed
865 2430 1005 2461 mutuo
1028 2418 1095 2459 sibi
1119 2417 1247 2459 forent
1274 2418 1443 2470 auxilio,
1474 2429 1599 2474 utque
