<?xml version="1.0" encoding="UTF-8"?>
<!DOCTYPE html PUBLIC "-//W3C//DTD XHTML 1.0 Transitional//EN"
    "http://www.w3.org/TR/xhtml1/DTD/xhtml1-transitional.dtd">
<html xmlns="http://www.w3.org/1999/xhtml" xml:lang="en" lang="en">
 <head>
  <title>
</title>
<meta http-equiv="Content-Type" content="text/html;charset=utf-8" />
  <meta name='ocr-system' content='tesseract 3.04.00' />
  <meta name='ocr-capabilities' content='ocr_page ocr_carea ocr_par ocr_line ocrx_word'/>
</head>
<body>
  <div class='ocr_page' id='page_1' title='image "./debellopeloponn02thucuoft_0370.png"; bbox 0 0 1734 3158; ppageno 0'>
   <div class='ocr_carea' id='block_1_1' title="bbox 318 193 1402 259">
    <p class='ocr_par' dir='ltr' id='par_1_1' title="bbox 318 193 1402 259">
     <span class='ocr_line' id='line_1_1' title="bbox 318 193 1402 259; baseline 0.001 -16"><span class='ocrx_word' id='word_1_1' title='bbox 318 196 417 259; x_wconf 87' lang='lat'>360</span> <span class='ocrx_word' id='word_1_2' title='bbox 512 193 836 241; x_wconf 81' lang='lat' dir='ltr'>VARIAE</span> <span class='ocrx_word' id='word_1_3' title='bbox 903 194 1001 241; x_wconf 83' lang='lat' dir='ltr'>LE</span> <span class='ocrx_word' id='word_1_4' title='bbox 1025 195 1402 244; x_wconf 85' lang='lat' dir='ltr'><strong>CTIONES</strong></span> 
     </span>
    </p>
   </div>
   <div class='ocr_carea' id='block_1_2' title="bbox 318 276 1592 387">
    <p class='ocr_par' dir='ltr' id='par_1_2' title="bbox 318 276 1592 387">
     <span class='ocr_line' id='line_1_2' title="bbox 318 276 1592 336; baseline 0.008 -18"><span class='ocrx_word' id='word_1_5' title='bbox 318 276 481 333; x_wconf 85' lang='lat' dir='ltr'><strong>phanus.</strong></span> <span class='ocrx_word' id='word_1_6' title='bbox 501 278 626 320; x_wconf 76' lang='lat' dir='ltr'><strong>IDEM.</strong></span> <span class='ocrx_word' id='word_1_7' title='bbox 651 279 755 320; x_wconf 82' lang='lat' dir='ltr'><strong>Dan.</strong></span> <span class='ocrx_word' id='word_1_8' title='bbox 783 280 826 321; x_wconf 81' lang='grc' dir='ltr'>δι</span> <span class='ocrx_word' id='word_1_9' title='bbox 848 279 987 321; x_wconf 86' lang='lat' dir='ltr'>eodem</span> <span class='ocrx_word' id='word_1_10' title='bbox 1015 281 1153 322; x_wconf 83' lang='lat' dir='ltr'>ordine</span> <span class='ocrx_word' id='word_1_11' title='bbox 1172 281 1273 336; x_wconf 85' lang='lat' dir='ltr'><strong>Reg.</strong></span> <span class='ocrx_word' id='word_1_12' title='bbox 1302 282 1403 324; x_wconf 86' lang='lat' dir='ltr'><strong>Cass.</strong></span> <span class='ocrx_word' id='word_1_13' title='bbox 1427 283 1499 327; x_wconf 83' lang='lat' dir='ltr'><strong>Gr.</strong></span> <span class='ocrx_word' id='word_1_14' title='bbox 1526 282 1592 329; x_wconf 82' lang='lat' dir='ltr'>sed</span> 
     </span>
     <span class='ocr_line' id='line_1_3' title="bbox 318 331 1218 387; baseline 0.002 -15"><span class='ocrx_word' id='word_1_15' title='bbox 318 345 457 373; x_wconf 85' lang='lat' dir='ltr'>omnes</span> <span class='ocrx_word' id='word_1_16' title='bbox 476 332 516 374; x_wconf 56' lang='grc' dir='ltr'>θ’</span> <span class='ocrx_word' id='word_1_17' title='bbox 540 331 687 387; x_wconf 72' lang='grc' dir='ltr'><strong><em>ἀρκοῦν.</em></strong></span> <span class='ocrx_word' id='word_1_18' title='bbox 743 335 769 374; x_wconf 91' lang='lat' dir='ltr'><strong>l.</strong></span> <span class='ocrx_word' id='word_1_19' title='bbox 799 347 857 387; x_wconf 80' lang='lat'><strong>13.</strong></span> <span class='ocrx_word' id='word_1_20' title='bbox 889 335 953 374; x_wconf 70' lang='grc' dir='ltr'>καὶ</span> <span class='ocrx_word' id='word_1_21' title='bbox 973 334 1077 376; x_wconf 86' lang='lat' dir='ltr'>abest</span> <span class='ocrx_word' id='word_1_22' title='bbox 1101 349 1124 376; x_wconf 91' lang='lat' dir='ltr'>a</span> <span class='ocrx_word' id='word_1_23' title='bbox 1146 335 1218 377; x_wconf 87' lang='lat' dir='ltr'><strong>Gr.</strong></span> 
     </span>
    </p>
   </div>
   <div class='ocr_carea' id='block_1_3' title="bbox 317 387 1589 499">
    <p class='ocr_par' dir='ltr' id='par_1_3' title="bbox 317 387 1589 499">
     <span class='ocr_line' id='line_1_4' title="bbox 373 387 1589 443; baseline 0.007 -17"><span class='ocrx_word' id='word_1_24' title='bbox 373 388 468 442; x_wconf 81' lang='lat' dir='ltr'><strong>Pag.</strong></span> <span class='ocrx_word' id='word_1_25' title='bbox 493 401 553 442; x_wconf 85' lang='lat'><strong>54.</strong></span> <span class='ocrx_word' id='word_1_26' title='bbox 575 389 602 427; x_wconf 92' lang='lat' dir='ltr'><strong>l.</strong></span> <span class='ocrx_word' id='word_1_27' title='bbox 631 401 663 427; x_wconf 83' lang='lat'><strong>1.</strong></span> <span class='ocrx_word' id='word_1_28' title='bbox 689 387 802 428; x_wconf 60' lang='grc' dir='ltr'>τόνὸε</span> <span class='ocrx_word' id='word_1_29' title='bbox 824 402 906 430; x_wconf 89' lang='lat' dir='ltr'>non</span> <span class='ocrx_word' id='word_1_30' title='bbox 930 387 1102 443; x_wconf 83' lang='lat' dir='ltr'>agnoscit</span> <span class='ocrx_word' id='word_1_31' title='bbox 1120 389 1167 430; x_wconf 90' lang='lat' dir='ltr'>C.</span> <span class='ocrx_word' id='word_1_32' title='bbox 1197 391 1336 431; x_wconf 75' lang='lat' dir='ltr'>ans.</span> <span class='ocrx_word' id='word_1_33' title='bbox 1355 390 1460 432; x_wconf 83' lang='lat' dir='ltr'><strong>Dan.</strong></span> <span class='ocrx_word' id='word_1_34' title='bbox 1507 394 1532 434; x_wconf 90' lang='grc' dir='ltr'>Ι.</span> <span class='ocrx_word' id='word_1_35' title='bbox 1554 407 1589 434; x_wconf 88' lang='lat'><strong>2.</strong></span> 
     </span>
     <span class='ocr_line' id='line_1_5' title="bbox 317 440 1589 499; baseline 0.006 -18"><span class='ocrx_word' id='word_1_36' title='bbox 317 440 355 482; x_wconf 74' lang='grc' dir='ltr'>ἐν</span> <span class='ocrx_word' id='word_1_37' title='bbox 375 441 476 481; x_wconf 89' lang='lat' dir='ltr'>deest</span> <span class='ocrx_word' id='word_1_38' title='bbox 500 442 570 482; x_wconf 88' lang='lat' dir='ltr'><strong>Ar.</strong></span> <span class='ocrx_word' id='word_1_39' title='bbox 594 441 642 483; x_wconf 93' lang='lat' dir='ltr'>C.</span> <span class='ocrx_word' id='word_1_40' title='bbox 660 443 799 483; x_wconf 80' lang='lat' dir='ltr'><strong>Huns.</strong></span> <span class='ocrx_word' id='word_1_41' title='bbox 825 442 929 483; x_wconf 87' lang='lat' dir='ltr'><strong>Dan.</strong></span> <span class='ocrx_word' id='word_1_42' title='bbox 969 444 995 484; x_wconf 89' lang='lat' dir='ltr'><strong>l.</strong></span> <span class='ocrx_word' id='word_1_43' title='bbox 1019 443 1054 484; x_wconf 90' lang='lat'>6.</span> <span class='ocrx_word' id='word_1_44' title='bbox 1071 457 1111 483; x_wconf 86' lang='grc' dir='ltr'>τι</span> <span class='ocrx_word' id='word_1_45' title='bbox 1133 443 1237 485; x_wconf 86' lang='lat' dir='ltr'>abest</span> <span class='ocrx_word' id='word_1_46' title='bbox 1255 444 1302 487; x_wconf 90' lang='lat' dir='ltr'>C.</span> <span class='ocrx_word' id='word_1_47' title='bbox 1327 446 1466 486; x_wconf 84' lang='lat' dir='ltr'><strong>HUDs.</strong></span> <span class='ocrx_word' id='word_1_48' title='bbox 1499 447 1524 487; x_wconf 92' lang='lat' dir='ltr'><strong>l.</strong></span> <span class='ocrx_word' id='word_1_49' title='bbox 1549 462 1589 499; x_wconf 90' lang='lat'>7.</span> 
     </span>
    </p>
   </div>
   <div class='ocr_carea' id='block_1_4' title="bbox 255 494 1594 547">
    <p class='ocr_par' dir='ltr' id='par_1_4' title="bbox 255 494 1594 547">
     <span class='ocr_line' id='line_1_6' title="bbox 255 494 1594 547; baseline 0.005 -12"><span class='ocrx_word' id='word_1_50' title='bbox 255 520 259 526; x_wconf 96' lang='lat'>-</span> <span class='ocrx_word' id='word_1_51' title='bbox 316 494 513 547; x_wconf 79' lang='grc' dir='ltr'><em>νομίσειε)</em></span> <span class='ocrx_word' id='word_1_52' title='bbox 540 497 676 547; x_wconf 72' lang='grc' dir='ltr'><strong><em>νομίσαι</em></strong></span> <span class='ocrx_word' id='word_1_53' title='bbox 701 495 771 537; x_wconf 87' lang='lat' dir='ltr'><strong>Ar.</strong></span> <span class='ocrx_word' id='word_1_54' title='bbox 802 495 849 537; x_wconf 93' lang='lat' dir='ltr'>C.</span> <span class='ocrx_word' id='word_1_55' title='bbox 876 497 1002 537; x_wconf 75' lang='lat' dir='ltr'><strong>IDEM.</strong></span> <span class='ocrx_word' id='word_1_56' title='bbox 1025 496 1130 537; x_wconf 85' lang='lat' dir='ltr'><strong>Dan.</strong></span> <span class='ocrx_word' id='word_1_57' title='bbox 1152 496 1216 538; x_wconf 90' lang='lat' dir='ltr'>sed</span> <span class='ocrx_word' id='word_1_58' title='bbox 1234 499 1276 538; x_wconf 91' lang='lat' dir='ltr'>in</span> <span class='ocrx_word' id='word_1_59' title='bbox 1304 513 1386 539; x_wconf 88' lang='lat' dir='ltr'>mar</span> <span class='ocrx_word' id='word_1_60' title='bbox 1415 530 1423 539; x_wconf 95' lang='lat'><strong>.</strong></span> <span class='ocrx_word' id='word_1_61' title='bbox 1449 512 1594 543; x_wconf 86' lang='lat' dir='ltr'><strong>recent.</strong></span> 
     </span>
    </p>
   </div>
   <div class='ocr_carea' id='block_1_5' title="bbox 309 549 1595 2549">
    <p class='ocr_par' dir='ltr' id='par_1_5' title="bbox 317 549 1594 979">
     <span class='ocr_line' id='line_1_7' title="bbox 318 549 1594 604; baseline 0.006 -16"><span class='ocrx_word' id='word_1_62' title='bbox 318 561 439 589; x_wconf 84' lang='lat' dir='ltr'>manu</span> <span class='ocrx_word' id='word_1_63' title='bbox 467 549 648 604; x_wconf 86' lang='lat' dir='ltr'>scriptum</span> <span class='ocrx_word' id='word_1_64' title='bbox 671 549 727 590; x_wconf 86' lang='lat' dir='ltr'>est</span> <span class='ocrx_word' id='word_1_65' title='bbox 755 551 924 601; x_wconf 80' lang='grc' dir='ltr'><strong><em>νομίσειε.</em></strong></span> <span class='ocrx_word' id='word_1_66' title='bbox 988 554 1063 591; x_wconf 82' lang='lat' dir='ltr'>ead.</span> <span class='ocrx_word' id='word_1_67' title='bbox 1087 551 1129 599; x_wconf 73' lang='grc' dir='ltr'>ὅ,</span> <span class='ocrx_word' id='word_1_68' title='bbox 1155 555 1232 604; x_wconf 86' lang='grc' dir='ltr'>τε)</span> <span class='ocrx_word' id='word_1_69' title='bbox 1258 552 1275 592; x_wconf 78' lang='grc' dir='ltr'><strong>ὅ</strong></span> <span class='ocrx_word' id='word_1_70' title='bbox 1305 553 1352 593; x_wconf 57' lang='grc' dir='ltr'>δὲ</span> <span class='ocrx_word' id='word_1_71' title='bbox 1416 583 1426 593; x_wconf 90' lang='grc'><strong>.</strong></span> <span class='ocrx_word' id='word_1_72' title='bbox 1453 556 1594 596; x_wconf 83' lang='lat' dir='ltr'><strong>HUDS.</strong></span> 
     </span>
     <span class='ocr_line' id='line_1_8' title="bbox 317 599 1592 655; baseline 0.007 -14"><span class='ocrx_word' id='word_1_73' title='bbox 317 602 344 642; x_wconf 87' lang='lat' dir='ltr'><strong>l.</strong></span> <span class='ocrx_word' id='word_1_74' title='bbox 366 602 402 642; x_wconf 94' lang='lat'>8.</span> <span class='ocrx_word' id='word_1_75' title='bbox 430 601 601 655; x_wconf 67' lang='grc' dir='ltr'><strong><em>ἑαυτοῦ)</em></strong></span> <span class='ocrx_word' id='word_1_76' title='bbox 634 599 752 644; x_wconf 58' lang='lat' dir='ltr'>advo&amp;</span> <span class='ocrx_word' id='word_1_77' title='bbox 781 604 852 645; x_wconf 87' lang='lat' dir='ltr'><strong>Ar.</strong></span> <span class='ocrx_word' id='word_1_78' title='bbox 876 604 923 646; x_wconf 91' lang='lat' dir='ltr'>C.</span> <span class='ocrx_word' id='word_1_79' title='bbox 947 604 1074 645; x_wconf 77' lang='lat' dir='ltr'><strong>IDEM.</strong></span> <span class='ocrx_word' id='word_1_80' title='bbox 1106 605 1210 646; x_wconf 87' lang='lat' dir='ltr'><strong>Dan.</strong></span> <span class='ocrx_word' id='word_1_81' title='bbox 1277 607 1301 646; x_wconf 90' lang='lat' dir='ltr'><strong>l.</strong></span> <span class='ocrx_word' id='word_1_82' title='bbox 1359 638 1367 647; x_wconf 94' lang='lat'><strong>.</strong></span> <span class='ocrx_word' id='word_1_83' title='bbox 1397 607 1468 648; x_wconf 75' lang='grc' dir='ltr'>εἰσὶ</span> <span class='ocrx_word' id='word_1_84' title='bbox 1490 609 1592 650; x_wconf 85' lang='lat' dir='ltr'>deest</span> 
     </span>
     <span class='ocr_line' id='line_1_9' title="bbox 318 621 1593 715; baseline 0.005 -19"><span class='ocrx_word' id='word_1_85' title='bbox 318 656 418 711; x_wconf 85' lang='lat' dir='ltr'>Reg.</span> <span class='ocrx_word' id='word_1_86' title='bbox 486 659 511 696; x_wconf 93' lang='lat' dir='ltr'><strong>I.</strong></span> <span class='ocrx_word' id='word_1_87' title='bbox 542 671 600 697; x_wconf 87' lang='lat'><strong>11.</strong></span> <span class='ocrx_word' id='word_1_88' title='bbox 622 657 680 708; x_wconf 75' lang='grc' dir='ltr'>τῷ</span> <span class='ocrx_word' id='word_1_89' title='bbox 706 657 753 697; x_wconf 69' lang='grc' dir='ltr'>«Γὲ</span> <span class='ocrx_word' id='word_1_90' title='bbox 775 655 1051 711; x_wconf 71' lang='grc' dir='ltr'>ὑπερβάλλοντι</span> <span class='ocrx_word' id='word_1_91' title='bbox 1082 656 1229 709; x_wconf 70' lang='grc' dir='ltr'>αὐτῶν)</span> <span class='ocrx_word' id='word_1_92' title='bbox 1253 662 1298 699; x_wconf 67' lang='grc' dir='ltr'>το</span> <span class='ocrx_word' id='word_1_93' title='bbox 1319 621 1367 700; x_wconf 50' lang='lat' dir='ltr'>J&amp;</span> <span class='ocrx_word' id='word_1_94' title='bbox 1397 657 1593 715; x_wconf 72' lang='grc' dir='ltr'>ὑπερβάλ-</span> 
     </span>
     <span class='ocr_line' id='line_1_10' title="bbox 317 707 1594 770; baseline 0.005 -19"><span class='ocrx_word' id='word_1_95' title='bbox 317 722 382 751; x_wconf 74' lang='grc' dir='ltr'>λον</span> <span class='ocrx_word' id='word_1_96' title='bbox 409 707 534 753; x_wconf 70' lang='grc' dir='ltr'><strong><em>αὐτῶν</em></strong></span> <span class='ocrx_word' id='word_1_97' title='bbox 559 710 734 764; x_wconf 87' lang='lat' dir='ltr'>Dionys.</span> <span class='ocrx_word' id='word_1_98' title='bbox 759 712 953 752; x_wconf 77' lang='lat' dir='ltr'>Halicarn.</span> <span class='ocrx_word' id='word_1_99' title='bbox 981 725 1032 752; x_wconf 84' lang='lat' dir='ltr'>ex</span> <span class='ocrx_word' id='word_1_100' title='bbox 1052 712 1222 755; x_wconf 85' lang='lat' dir='ltr'>editione</span> <span class='ocrx_word' id='word_1_101' title='bbox 1246 714 1442 770; x_wconf 86' lang='lat' dir='ltr'>Stephani.</span> <span class='ocrx_word' id='word_1_102' title='bbox 1461 716 1520 766; x_wconf 79' lang='grc' dir='ltr'><em>Τῷ</em></span> <span class='ocrx_word' id='word_1_103' title='bbox 1545 716 1594 757; x_wconf 61' lang='lat' dir='ltr'>st</span> 
     </span>
     <span class='ocr_line' id='line_1_11' title="bbox 318 761 1593 823; baseline 0.006 -19"><span class='ocrx_word' id='word_1_104' title='bbox 318 761 601 819; x_wconf 69' lang='grc' dir='ltr'>ὑπερβάλλοντι</span> <span class='ocrx_word' id='word_1_105' title='bbox 623 762 740 806; x_wconf 65' lang='grc' dir='ltr'><strong><em>αὐτὸν</em></strong></span> <span class='ocrx_word' id='word_1_106' title='bbox 756 765 827 806; x_wconf 84' lang='lat' dir='ltr'><strong>Ar.</strong></span> <span class='ocrx_word' id='word_1_107' title='bbox 853 765 900 806; x_wconf 91' lang='lat' dir='ltr'>C.</span> <span class='ocrx_word' id='word_1_108' title='bbox 919 767 1058 807; x_wconf 85' lang='lat' dir='ltr'><strong>Huns.</strong></span> <span class='ocrx_word' id='word_1_109' title='bbox 1079 766 1137 817; x_wconf 71' lang='grc' dir='ltr'>Τῷ</span> <span class='ocrx_word' id='word_1_110' title='bbox 1159 766 1198 807; x_wconf 68' lang='lat'>5⁰</span> <span class='ocrx_word' id='word_1_111' title='bbox 1216 764 1350 821; x_wconf 73' lang='grc' dir='ltr'>ὑπερβ.</span> <span class='ocrx_word' id='word_1_112' title='bbox 1364 769 1463 823; x_wconf 85' lang='lat' dir='ltr'><strong>Reg.</strong></span> <span class='ocrx_word' id='word_1_113' title='bbox 1488 769 1593 812; x_wconf 86' lang='lat' dir='ltr'><strong>Caff.</strong></span> 
     </span>
     <span class='ocr_line' id='line_1_12' title="bbox 318 815 1594 864; baseline 0.003 -4"><span class='ocrx_word' id='word_1_114' title='bbox 318 818 392 860; x_wconf 89' lang='lat' dir='ltr'><strong>Gr.</strong></span> <span class='ocrx_word' id='word_1_115' title='bbox 420 815 537 860; x_wconf 66' lang='grc' dir='ltr'><strong><em>αὐτον</em></strong></span> <span class='ocrx_word' id='word_1_116' title='bbox 564 819 683 860; x_wconf 83' lang='lat' dir='ltr'>etiam</span> <span class='ocrx_word' id='word_1_117' title='bbox 713 818 788 860; x_wconf 91' lang='lat' dir='ltr'><strong>Ms.</strong></span> <span class='ocrx_word' id='word_1_118' title='bbox 823 819 907 860; x_wconf 85' lang='lat' dir='ltr'><strong>Bas.</strong></span> <span class='ocrx_word' id='word_1_119' title='bbox 931 819 1033 861; x_wconf 82' lang='lat' dir='ltr'><strong>Caff.</strong></span> <span class='ocrx_word' id='word_1_120' title='bbox 1060 820 1102 861; x_wconf 88' lang='lat'>&amp;</span> <span class='ocrx_word' id='word_1_121' title='bbox 1124 819 1195 862; x_wconf 88' lang='lat' dir='ltr'><strong>Gr.</strong></span> <span class='ocrx_word' id='word_1_122' title='bbox 1228 821 1301 862; x_wconf 87' lang='lat' dir='ltr'>Sed</span> <span class='ocrx_word' id='word_1_123' title='bbox 1330 823 1371 863; x_wconf 91' lang='lat' dir='ltr'>in</span> <span class='ocrx_word' id='word_1_124' title='bbox 1399 823 1500 864; x_wconf 78' lang='lat' dir='ltr'><strong>Cass.</strong></span> <span class='ocrx_word' id='word_1_125' title='bbox 1530 824 1594 864; x_wconf 89' lang='lat' dir='ltr'>de-</span> 
     </span>
     <span class='ocr_line' id='line_1_13' title="bbox 317 872 1593 927; baseline 0.004 -14"><span class='ocrx_word' id='word_1_126' title='bbox 317 873 406 913; x_wconf 87' lang='lat' dir='ltr'>inde</span> <span class='ocrx_word' id='word_1_127' title='bbox 431 874 679 914; x_wconf 87' lang='lat' dir='ltr'>emendatum</span> <span class='ocrx_word' id='word_1_128' title='bbox 697 885 780 914; x_wconf 83' lang='lat' dir='ltr'>erat</span> <span class='ocrx_word' id='word_1_129' title='bbox 804 872 941 914; x_wconf 74' lang='grc' dir='ltr'><strong><em>οιῦτῶν.</em></strong></span> <span class='ocrx_word' id='word_1_130' title='bbox 999 875 1023 913; x_wconf 86' lang='lat' dir='ltr'>l.</span> <span class='ocrx_word' id='word_1_131' title='bbox 1057 888 1113 913; x_wconf 89' lang='lat'>12.</span> <span class='ocrx_word' id='word_1_132' title='bbox 1130 874 1384 927; x_wconf 70' lang='grc' dir='ltr'>ἀπιστοῦσιν)</span> <span class='ocrx_word' id='word_1_133' title='bbox 1405 876 1593 919; x_wconf 74' lang='grc' dir='ltr'><strong><em>ἀπιστοῦ-</em></strong></span> 
     </span>
     <span class='ocr_line' id='line_1_14' title="bbox 317 926 1164 979; baseline 0.002 -11"><span class='ocrx_word' id='word_1_134' title='bbox 317 941 357 968; x_wconf 88' lang='grc' dir='ltr'>σι</span> <span class='ocrx_word' id='word_1_135' title='bbox 377 926 449 969; x_wconf 88' lang='lat' dir='ltr'><strong>Gr.</strong></span> <span class='ocrx_word' id='word_1_136' title='bbox 504 928 529 967; x_wconf 87' lang='lat' dir='ltr'><strong>l.</strong></span> <span class='ocrx_word' id='word_1_137' title='bbox 561 941 622 977; x_wconf 86' lang='lat'>¹4·</span> <span class='ocrx_word' id='word_1_138' title='bbox 642 927 708 967; x_wconf 65' lang='grc' dir='ltr'>καὶ</span> <span class='ocrx_word' id='word_1_139' title='bbox 734 926 800 979; x_wconf 81' lang='grc' dir='ltr'>ἐμὲ</span> <span class='ocrx_word' id='word_1_140' title='bbox 823 941 906 968; x_wconf 92' lang='lat' dir='ltr'><strong>orn.</strong></span> <span class='ocrx_word' id='word_1_141' title='bbox 926 927 997 969; x_wconf 71' lang='lat' dir='ltr'><strong>Gr.</strong></span> <span class='ocrx_word' id='word_1_142' title='bbox 1021 928 1164 970; x_wconf 86' lang='lat' dir='ltr'><strong>HUDs.</strong></span> 
     </span>
    </p>

    <p class='ocr_par' dir='ltr' id='par_1_6' title="bbox 313 981 1595 1836">
     <span class='ocr_line' id='line_1_15' title="bbox 373 981 1595 1036; baseline 0.005 -16"><span class='ocrx_word' id='word_1_143' title='bbox 373 982 435 1020; x_wconf 84' lang='lat' dir='ltr'>Pa</span> <span class='ocrx_word' id='word_1_144' title='bbox 461 1011 470 1021; x_wconf 89' lang='lat'><strong>.</strong></span> <span class='ocrx_word' id='word_1_145' title='bbox 502 993 560 1036; x_wconf 86' lang='lat'>55.</span> <span class='ocrx_word' id='word_1_146' title='bbox 585 983 611 1020; x_wconf 88' lang='lat' dir='ltr'>l.</span> <span class='ocrx_word' id='word_1_147' title='bbox 636 996 667 1022; x_wconf 84' lang='lat'><strong>1.</strong></span> <span class='ocrx_word' id='word_1_148' title='bbox 688 981 977 1034; x_wconf 75' lang='grc' dir='ltr'>ἑπιπλεῖστον)</span> <span class='ocrx_word' id='word_1_149' title='bbox 1000 982 1064 1022; x_wconf 72' lang='grc' dir='ltr'>ἐπὶ</span> <span class='ocrx_word' id='word_1_150' title='bbox 1091 983 1278 1024; x_wconf 70' lang='grc' dir='ltr'>πλεῖστον</span> <span class='ocrx_word' id='word_1_151' title='bbox 1301 982 1350 1024; x_wconf 91' lang='lat' dir='ltr'>C.</span> <span class='ocrx_word' id='word_1_152' title='bbox 1373 983 1595 1026; x_wconf 70' lang='grc' dir='ltr'>ἐτιτοπλεῖ-</span> 
     </span>
     <span class='ocr_line' id='line_1_16' title="bbox 315 996 1595 1093; baseline 0.004 -18"><span class='ocrx_word' id='word_1_153' title='bbox 315 1048 406 1076; x_wconf 82' lang='grc' dir='ltr'><strong><em>στον</em></strong></span> <span class='ocrx_word' id='word_1_154' title='bbox 427 996 499 1076; x_wconf 47' lang='lat' dir='ltr'>fir.</span> <span class='ocrx_word' id='word_1_155' title='bbox 527 1035 653 1075; x_wconf 77' lang='lat' dir='ltr'><strong>IDEM.</strong></span> <span class='ocrx_word' id='word_1_156' title='bbox 675 1035 760 1076; x_wconf 74' lang='grc' dir='ltr'>Ἐπὶ</span> <span class='ocrx_word' id='word_1_157' title='bbox 784 1035 971 1077; x_wconf 67' lang='grc' dir='ltr'>πλεῖστον</span> <span class='ocrx_word' id='word_1_158' title='bbox 990 1035 1093 1078; x_wconf 86' lang='lat' dir='ltr'><strong>Caff.</strong></span> <span class='ocrx_word' id='word_1_159' title='bbox 1114 1036 1187 1078; x_wconf 86' lang='lat' dir='ltr'><strong>Gr.</strong></span> <span class='ocrx_word' id='word_1_160' title='bbox 1241 1037 1267 1078; x_wconf 89' lang='lat' dir='ltr'><strong>l.</strong></span> <span class='ocrx_word' id='word_1_161' title='bbox 1294 1051 1330 1077; x_wconf 84' lang='lat'><strong>2.</strong></span> <span class='ocrx_word' id='word_1_162' title='bbox 1349 1037 1396 1078; x_wconf 53' lang='grc' dir='ltr'>ἑὲ</span> <span class='ocrx_word' id='word_1_163' title='bbox 1416 1038 1523 1093; x_wconf 69' lang='grc' dir='ltr'>ἀπὸ)</span> <span class='ocrx_word' id='word_1_164' title='bbox 1552 1039 1595 1080; x_wconf 57' lang='grc' dir='ltr'>ὃ·</span> 
     </span>
     <span class='ocr_line' id='line_1_17' title="bbox 317 1088 1594 1143; baseline 0.004 -15"><span class='ocrx_word' id='word_1_165' title='bbox 317 1089 402 1128; x_wconf 65' lang='grc' dir='ltr'>ἀντὶ)</span> <span class='ocrx_word' id='word_1_166' title='bbox 425 1089 525 1143; x_wconf 81' lang='lat' dir='ltr'>Reg.</span> <span class='ocrx_word' id='word_1_167' title='bbox 549 1088 649 1129; x_wconf 86' lang='lat' dir='ltr'><strong>Caff.</strong></span> <span class='ocrx_word' id='word_1_168' title='bbox 705 1090 729 1130; x_wconf 87' lang='lat' dir='ltr'>l.</span> <span class='ocrx_word' id='word_1_169' title='bbox 756 1102 790 1142; x_wconf 83' lang='lat'><strong>3.</strong></span> <span class='ocrx_word' id='word_1_170' title='bbox 811 1089 859 1130; x_wconf 54' lang='grc' dir='ltr'>ἑὲ</span> <span class='ocrx_word' id='word_1_171' title='bbox 882 1090 985 1131; x_wconf 85' lang='lat' dir='ltr'>abest</span> <span class='ocrx_word' id='word_1_172' title='bbox 1004 1091 1076 1132; x_wconf 87' lang='lat' dir='ltr'><strong>Gr.</strong></span> <span class='ocrx_word' id='word_1_173' title='bbox 1134 1091 1160 1131; x_wconf 90' lang='lat' dir='ltr'><strong>l.</strong></span> <span class='ocrx_word' id='word_1_174' title='bbox 1185 1105 1222 1141; x_wconf 90' lang='lat'><strong>4.</strong></span> <span class='ocrx_word' id='word_1_175' title='bbox 1244 1089 1420 1141; x_wconf 65' lang='grc' dir='ltr'>ταύτην)</span> <span class='ocrx_word' id='word_1_176' title='bbox 1447 1093 1594 1134; x_wconf 67' lang='grc' dir='ltr'><strong><em>ταύτης</em></strong></span> 
     </span>
     <span class='ocr_line' id='line_1_18' title="bbox 316 1141 1594 1194; baseline 0.005 -11"><span class='ocrx_word' id='word_1_177' title='bbox 316 1141 391 1183; x_wconf 75' lang='lat' dir='ltr'><strong>Ar.</strong></span> <span class='ocrx_word' id='word_1_178' title='bbox 416 1143 463 1185; x_wconf 88' lang='lat' dir='ltr'>C.</span> <span class='ocrx_word' id='word_1_179' title='bbox 497 1144 636 1184; x_wconf 88' lang='lat' dir='ltr'><strong>HUDS.</strong></span> <span class='ocrx_word' id='word_1_180' title='bbox 716 1147 792 1184; x_wconf 80' lang='lat' dir='ltr'>ead.</span> <span class='ocrx_word' id='word_1_181' title='bbox 820 1143 879 1184; x_wconf 74' lang='grc' dir='ltr'>ἀεὶ</span> <span class='ocrx_word' id='word_1_182' title='bbox 913 1144 945 1184; x_wconf 79' lang='grc' dir='ltr'>οἱ</span> <span class='ocrx_word' id='word_1_183' title='bbox 978 1142 1122 1194; x_wconf 71' lang='grc' dir='ltr'>αὐτοὶ)</span> <span class='ocrx_word' id='word_1_184' title='bbox 1155 1144 1188 1184; x_wconf 81' lang='grc' dir='ltr'>οἱ</span> <span class='ocrx_word' id='word_1_185' title='bbox 1217 1142 1328 1185; x_wconf 62' lang='lat' dir='ltr'>adro)</span> <span class='ocrx_word' id='word_1_186' title='bbox 1351 1146 1411 1186; x_wconf 69' lang='grc' dir='ltr'>ἀεὶ</span> <span class='ocrx_word' id='word_1_187' title='bbox 1443 1145 1514 1187; x_wconf 90' lang='lat' dir='ltr'><strong>Ar.</strong></span> <span class='ocrx_word' id='word_1_188' title='bbox 1542 1148 1594 1189; x_wconf 90' lang='lat' dir='ltr'>C.</span> 
     </span>
     <span class='ocr_line' id='line_1_19' title="bbox 315 1193 1592 1254; baseline 0.005 -17"><span class='ocrx_word' id='word_1_189' title='bbox 315 1196 444 1238; x_wconf 76' lang='lat' dir='ltr'><strong>IDEM.</strong></span> <span class='ocrx_word' id='word_1_190' title='bbox 465 1197 568 1238; x_wconf 85' lang='lat' dir='ltr'><strong>Dan.</strong></span> <span class='ocrx_word' id='word_1_191' title='bbox 625 1198 651 1237; x_wconf 92' lang='lat' dir='ltr'><strong>l.</strong></span> <span class='ocrx_word' id='word_1_192' title='bbox 675 1197 711 1238; x_wconf 93' lang='lat'>8.</span> <span class='ocrx_word' id='word_1_193' title='bbox 737 1197 884 1252; x_wconf 74' lang='grc' dir='ltr'><strong><em>ἀρχὴν,</em></strong></span> <span class='ocrx_word' id='word_1_194' title='bbox 913 1193 978 1239; x_wconf 73' lang='grc' dir='ltr'>οὐκ</span> <span class='ocrx_word' id='word_1_195' title='bbox 999 1199 1106 1254; x_wconf 76' lang='grc' dir='ltr'>διε.)</span> <span class='ocrx_word' id='word_1_196' title='bbox 1127 1199 1342 1249; x_wconf 83' lang='lat' dir='ltr'><strong>Nonnulli,</strong></span> <span class='ocrx_word' id='word_1_197' title='bbox 1367 1210 1415 1241; x_wconf 89' lang='lat' dir='ltr'>ut</span> <span class='ocrx_word' id='word_1_198' title='bbox 1438 1203 1592 1243; x_wconf 87' lang='lat' dir='ltr'>monuit</span> 
     </span>
     <span class='ocr_line' id='line_1_20' title="bbox 313 1247 1594 1308; baseline 0.005 -17"><span class='ocrx_word' id='word_1_199' title='bbox 313 1250 571 1301; x_wconf 77' lang='lat' dir='ltr'>scholiastes,</span> <span class='ocrx_word' id='word_1_200' title='bbox 595 1251 647 1292; x_wconf 84' lang='lat' dir='ltr'>fic</span> <span class='ocrx_word' id='word_1_201' title='bbox 673 1252 925 1306; x_wconf 87' lang='lat' dir='ltr'>distinguunt:</span> <span class='ocrx_word' id='word_1_202' title='bbox 944 1253 1074 1308; x_wconf 67' lang='grc' dir='ltr'><strong><em>ἀρχὴν</em></strong></span> <span class='ocrx_word' id='word_1_203' title='bbox 1109 1247 1174 1292; x_wconf 77' lang='grc' dir='ltr'>οὐκ,</span> <span class='ocrx_word' id='word_1_204' title='bbox 1199 1247 1369 1301; x_wconf 56' lang='lat' dir='ltr'>hionium,</span> <span class='ocrx_word' id='word_1_205' title='bbox 1404 1251 1489 1304; x_wconf 70' lang='grc' dir='ltr'>ἡμῖν</span> <span class='ocrx_word' id='word_1_206' title='bbox 1515 1256 1594 1297; x_wconf 73' lang='grc' dir='ltr'>διε.</span> 
     </span>
     <span class='ocr_line' id='line_1_21' title="bbox 314 1304 1594 1362; baseline 0.005 -18"><span class='ocrx_word' id='word_1_207' title='bbox 314 1304 371 1346; x_wconf 87' lang='lat' dir='ltr'>ita</span> <span class='ocrx_word' id='word_1_208' title='bbox 390 1318 434 1347; x_wconf 89' lang='lat' dir='ltr'>ut</span> <span class='ocrx_word' id='word_1_209' title='bbox 457 1307 562 1348; x_wconf 86' lang='lat' dir='ltr'>verti</span> <span class='ocrx_word' id='word_1_210' title='bbox 585 1305 743 1356; x_wconf 87' lang='lat' dir='ltr'>debeat,</span> <span class='ocrx_word' id='word_1_211' title='bbox 766 1322 846 1347; x_wconf 86' lang='lat' dir='ltr'>nam</span> <span class='ocrx_word' id='word_1_212' title='bbox 870 1323 944 1347; x_wconf 90' lang='lat' dir='ltr'>cum</span> <span class='ocrx_word' id='word_1_213' title='bbox 977 1308 1150 1362; x_wconf 83' lang='lat' dir='ltr'>imperium</span> <span class='ocrx_word' id='word_1_214' title='bbox 1179 1306 1257 1347; x_wconf 86' lang='lat' dir='ltr'><strong>&amp;c.</strong></span> <span class='ocrx_word' id='word_1_215' title='bbox 1285 1322 1355 1347; x_wconf 86' lang='lat' dir='ltr'>non</span> <span class='ocrx_word' id='word_1_216' title='bbox 1372 1309 1451 1358; x_wconf 85' lang='lat' dir='ltr'>fine</span> <span class='ocrx_word' id='word_1_217' title='bbox 1477 1309 1594 1350; x_wconf 86' lang='lat' dir='ltr'><em>labore</em></span> 
     </span>
     <span class='ocr_line' id='line_1_22' title="bbox 316 1359 1594 1416; baseline 0.005 -18"><span class='ocrx_word' id='word_1_218' title='bbox 316 1361 591 1414; x_wconf 69' lang='lat' dir='ltr'>acquistvffnt,</span> <span class='ocrx_word' id='word_1_219' title='bbox 616 1362 715 1401; x_wconf 84' lang='lat' dir='ltr'>nobis</span> <span class='ocrx_word' id='word_1_220' title='bbox 746 1361 822 1402; x_wconf 86' lang='lat' dir='ltr'><strong>&amp;c.</strong></span> <span class='ocrx_word' id='word_1_221' title='bbox 842 1362 983 1402; x_wconf 84' lang='lat' dir='ltr'><strong>HUDS.</strong></span> <span class='ocrx_word' id='word_1_222' title='bbox 1036 1363 1060 1402; x_wconf 82' lang='lat' dir='ltr'><strong>l.</strong></span> <span class='ocrx_word' id='word_1_223' title='bbox 1086 1376 1125 1416; x_wconf 86' lang='lat'><strong>9.</strong></span> <span class='ocrx_word' id='word_1_224' title='bbox 1150 1363 1204 1400; x_wconf 73' lang='grc' dir='ltr'>τὰ</span> <span class='ocrx_word' id='word_1_225' title='bbox 1223 1359 1270 1401; x_wconf 61' lang='grc' dir='ltr'>ἒὲ</span> <span class='ocrx_word' id='word_1_226' title='bbox 1293 1361 1427 1414; x_wconf 75' lang='grc' dir='ltr'>πλέω)</span> <span class='ocrx_word' id='word_1_227' title='bbox 1460 1365 1516 1403; x_wconf 68' lang='grc' dir='ltr'>τὰ</span> <span class='ocrx_word' id='word_1_228' title='bbox 1542 1363 1594 1404; x_wconf 58' lang='grc' dir='ltr'>ἒὲ</span> 
     </span>
     <span class='ocr_line' id='line_1_23' title="bbox 315 1414 1594 1471; baseline 0.005 -19"><span class='ocrx_word' id='word_1_229' title='bbox 315 1414 437 1454; x_wconf 73' lang='grc' dir='ltr'><em>πλείω</em></span> <span class='ocrx_word' id='word_1_230' title='bbox 457 1415 573 1456; x_wconf 85' lang='lat' dir='ltr'>edidit</span> <span class='ocrx_word' id='word_1_231' title='bbox 595 1414 666 1456; x_wconf 89' lang='lat' dir='ltr'>Ae.</span> <span class='ocrx_word' id='word_1_232' title='bbox 683 1414 788 1456; x_wconf 91' lang='lat' dir='ltr'>Port.</span> <span class='ocrx_word' id='word_1_233' title='bbox 813 1415 922 1455; x_wconf 70' lang='grc' dir='ltr'><strong>Πλέω</strong></span> <span class='ocrx_word' id='word_1_234' title='bbox 945 1415 1089 1456; x_wconf 88' lang='lat' dir='ltr'>habent</span> <span class='ocrx_word' id='word_1_235' title='bbox 1104 1415 1248 1464; x_wconf 88' lang='lat' dir='ltr'>ceteri,</span> <span class='ocrx_word' id='word_1_236' title='bbox 1271 1425 1351 1455; x_wconf 87' lang='lat' dir='ltr'>tam</span> <span class='ocrx_word' id='word_1_237' title='bbox 1374 1416 1462 1456; x_wconf 88' lang='lat' dir='ltr'>editi</span> <span class='ocrx_word' id='word_1_238' title='bbox 1475 1431 1594 1471; x_wconf 83' lang='lat' dir='ltr'><strong>quam</strong></span> 
     </span>
     <span class='ocr_line' id='line_1_24' title="bbox 315 1468 1594 1519; baseline 0.002 -11"><span class='ocrx_word' id='word_1_239' title='bbox 315 1469 492 1519; x_wconf 84' lang='lat' dir='ltr'>exarati,</span> <span class='ocrx_word' id='word_1_240' title='bbox 522 1470 564 1509; x_wconf 92' lang='lat' dir='ltr'>in</span> <span class='ocrx_word' id='word_1_241' title='bbox 586 1468 747 1510; x_wconf 84' lang='lat' dir='ltr'>Scholiis</span> <span class='ocrx_word' id='word_1_242' title='bbox 772 1480 902 1510; x_wconf 90' lang='lat' dir='ltr'>tamen</span> <span class='ocrx_word' id='word_1_243' title='bbox 933 1470 1054 1511; x_wconf 70' lang='grc' dir='ltr'><em>πλείω</em></span> <span class='ocrx_word' id='word_1_244' title='bbox 1087 1469 1282 1510; x_wconf 82' lang='lat' dir='ltr'>exhibent.</span> <span class='ocrx_word' id='word_1_245' title='bbox 1308 1469 1434 1510; x_wconf 72' lang='lat' dir='ltr'><strong>lom.</strong></span> <span class='ocrx_word' id='word_1_246' title='bbox 1458 1474 1517 1510; x_wconf 70' lang='grc' dir='ltr'>Τὰ</span> <span class='ocrx_word' id='word_1_247' title='bbox 1544 1471 1594 1512; x_wconf 54' lang='grc' dir='ltr'>δὲ</span> 
     </span>
     <span class='ocr_line' id='line_1_25' title="bbox 313 1519 1588 1578; baseline 0.003 -16"><span class='ocrx_word' id='word_1_248' title='bbox 313 1523 437 1562; x_wconf 68' lang='grc' dir='ltr'><em>πλείω</em></span> <span class='ocrx_word' id='word_1_249' title='bbox 468 1524 567 1578; x_wconf 87' lang='lat' dir='ltr'>Reg.</span> <span class='ocrx_word' id='word_1_250' title='bbox 595 1522 697 1564; x_wconf 73' lang='lat' dir='ltr'><strong>Cass.</strong></span> <span class='ocrx_word' id='word_1_251' title='bbox 719 1523 790 1565; x_wconf 90' lang='lat' dir='ltr'><strong>Gr.</strong></span> <span class='ocrx_word' id='word_1_252' title='bbox 863 1524 887 1564; x_wconf 87' lang='lat' dir='ltr'><strong>l.</strong></span> <span class='ocrx_word' id='word_1_253' title='bbox 920 1538 979 1565; x_wconf 87' lang='lat'><strong>10.</strong></span> <span class='ocrx_word' id='word_1_254' title='bbox 997 1521 1105 1564; x_wconf 68' lang='grc' dir='ltr'><strong><em>αὐτοὶ</em></strong></span> <span class='ocrx_word' id='word_1_255' title='bbox 1127 1521 1235 1575; x_wconf 76' lang='grc' dir='ltr'><em>ἧμεῖς</em></span> <span class='ocrx_word' id='word_1_256' title='bbox 1258 1519 1341 1563; x_wconf 62' lang='grc' dir='ltr'>οἵὸε</span> <span class='ocrx_word' id='word_1_257' title='bbox 1365 1525 1492 1564; x_wconf 90' lang='lat' dir='ltr'>omitt.</span> <span class='ocrx_word' id='word_1_258' title='bbox 1514 1522 1588 1566; x_wconf 83' lang='lat' dir='ltr'><strong>Gr.</strong></span> 
     </span>
     <span class='ocr_line' id='line_1_26' title="bbox 314 1572 1591 1630; baseline 0.002 -13"><span class='ocrx_word' id='word_1_259' title='bbox 314 1577 456 1618; x_wconf 81' lang='lat' dir='ltr'><strong>Huns.</strong></span> <span class='ocrx_word' id='word_1_260' title='bbox 481 1578 639 1620; x_wconf 85' lang='lat' dir='ltr'>Omittit</span> <span class='ocrx_word' id='word_1_261' title='bbox 660 1572 768 1618; x_wconf 69' lang='grc' dir='ltr'><strong><em>αὐτοὶ</em></strong></span> <span class='ocrx_word' id='word_1_262' title='bbox 791 1574 922 1630; x_wconf 71' lang='grc' dir='ltr'><em>ἣμεῖς,</em></span> <span class='ocrx_word' id='word_1_263' title='bbox 945 1591 1028 1619; x_wconf 92' lang='lat' dir='ltr'>non</span> <span class='ocrx_word' id='word_1_264' title='bbox 1045 1574 1137 1619; x_wconf 62' lang='lat' dir='ltr'>owe.</span> <span class='ocrx_word' id='word_1_265' title='bbox 1192 1580 1267 1617; x_wconf 86' lang='lat' dir='ltr'>ead.</span> <span class='ocrx_word' id='word_1_266' title='bbox 1287 1576 1466 1628; x_wconf 70' lang='grc' dir='ltr'><strong><em>μάλιστα</em></strong></span> <span class='ocrx_word' id='word_1_267' title='bbox 1488 1577 1591 1620; x_wconf 87' lang='lat' dir='ltr'>deest</span> 
     </span>
     <span class='ocr_line' id='line_1_27' title="bbox 314 1626 1593 1686; baseline 0.002 -15"><span class='ocrx_word' id='word_1_268' title='bbox 314 1629 423 1673; x_wconf 84' lang='lat' dir='ltr'><strong>Dan.</strong></span> <span class='ocrx_word' id='word_1_269' title='bbox 462 1630 503 1672; x_wconf 91' lang='lat' dir='ltr'>in</span> <span class='ocrx_word' id='word_1_270' title='bbox 536 1645 657 1686; x_wconf 85' lang='lat' dir='ltr'><strong>marg.</strong></span> <span class='ocrx_word' id='word_1_271' title='bbox 698 1630 946 1686; x_wconf 87' lang='lat' dir='ltr'>adscriptum.</span> <span class='ocrx_word' id='word_1_272' title='bbox 1028 1633 1054 1672; x_wconf 93' lang='lat' dir='ltr'><strong>I.</strong></span> <span class='ocrx_word' id='word_1_273' title='bbox 1080 1645 1140 1673; x_wconf 87' lang='lat'><strong>12.</strong></span> <span class='ocrx_word' id='word_1_274' title='bbox 1169 1631 1206 1673; x_wconf 75' lang='grc' dir='ltr'>ἐς</span> <span class='ocrx_word' id='word_1_275' title='bbox 1232 1626 1396 1684; x_wconf 62' lang='grc' dir='ltr'>εἰρήνην)</span> <span class='ocrx_word' id='word_1_276' title='bbox 1425 1632 1463 1673; x_wconf 77' lang='grc' dir='ltr'>ἐς</span> <span class='ocrx_word' id='word_1_277' title='bbox 1490 1632 1593 1674; x_wconf 89' lang='lat' dir='ltr'>deest</span> 
     </span>
     <span class='ocr_line' id='line_1_28' title="bbox 314 1684 1593 1752; baseline 0.002 -26"><span class='ocrx_word' id='word_1_278' title='bbox 314 1684 405 1726; x_wconf 85' lang='lat' dir='ltr'><strong>Bar.</strong></span> <span class='ocrx_word' id='word_1_279' title='bbox 436 1687 576 1728; x_wconf 84' lang='lat' dir='ltr'><strong>Huns.</strong></span> <span class='ocrx_word' id='word_1_280' title='bbox 632 1687 658 1725; x_wconf 86' lang='lat' dir='ltr'><strong>l.</strong></span> <span class='ocrx_word' id='word_1_281' title='bbox 687 1699 747 1735; x_wconf 80' lang='lat'><strong>14.</strong></span> <span class='ocrx_word' id='word_1_282' title='bbox 779 1685 884 1740; x_wconf 71' lang='grc' dir='ltr'>εἴτι)</span> <span class='ocrx_word' id='word_1_283' title='bbox 911 1687 1033 1728; x_wconf 66' lang='lat' dir='ltr'>eima</span> <span class='ocrx_word' id='word_1_284' title='bbox 1062 1686 1191 1752; x_wconf 70' lang='lat' dir='ltr'><strong>Marg.</strong></span> <span class='ocrx_word' id='word_1_285' title='bbox 1217 1684 1344 1726; x_wconf 72' lang='lat' dir='ltr'><strong>IDEM.</strong></span> <span class='ocrx_word' id='word_1_286' title='bbox 1407 1687 1431 1727; x_wconf 88' lang='lat' dir='ltr'><strong>l.</strong></span> <span class='ocrx_word' id='word_1_287' title='bbox 1460 1700 1522 1741; x_wconf 84' lang='lat'>15.</span> <span class='ocrx_word' id='word_1_288' title='bbox 1549 1685 1593 1728; x_wconf 74' lang='lat'>»3-</span> 
     </span>
     <span class='ocr_line' id='line_1_29' title="bbox 313 1738 1587 1796; baseline 0.002 -17"><span class='ocrx_word' id='word_1_289' title='bbox 313 1740 557 1796; x_wconf 63' lang='grc' dir='ltr'>μυνίιμεῧοι)</span> <span class='ocrx_word' id='word_1_290' title='bbox 583 1739 670 1783; x_wconf 71' lang='grc' dir='ltr'>ἀντὶ</span> <span class='ocrx_word' id='word_1_291' title='bbox 701 1739 773 1780; x_wconf 73' lang='grc' dir='ltr'>τοῦ</span> <span class='ocrx_word' id='word_1_292' title='bbox 785 1770 797 1790; x_wconf 92' lang='grc'><strong><em>,</em></strong></span> <span class='ocrx_word' id='word_1_293' title='bbox 825 1739 1045 1794; x_wconf 71' lang='grc' dir='ltr'><strong><em>ἀμυνόμενοι</em></strong></span> <span class='ocrx_word' id='word_1_294' title='bbox 1069 1739 1300 1792; x_wconf 77' lang='grc' dir='ltr'>ἐποιησοιμεν</span> <span class='ocrx_word' id='word_1_295' title='bbox 1324 1738 1399 1781; x_wconf 88' lang='lat' dir='ltr'>Ae.</span> <span class='ocrx_word' id='word_1_296' title='bbox 1431 1739 1587 1783; x_wconf 88' lang='lat' dir='ltr'>Portus.</span> 
     </span>
     <span class='ocr_line' id='line_1_30' title="bbox 313 1794 456 1836; baseline 0.014 -2"><span class='ocrx_word' id='word_1_297' title='bbox 313 1794 456 1836; x_wconf 85' lang='lat' dir='ltr'><strong>Huns.</strong></span> 
     </span>
    </p>

    <p class='ocr_par' dir='ltr' id='par_1_7' title="bbox 309 1844 1593 2549">
     <span class='ocr_line' id='line_1_31' title="bbox 369 1844 1593 1904; baseline 0.002 -17"><span class='ocrx_word' id='word_1_298' title='bbox 369 1850 462 1903; x_wconf 85' lang='lat' dir='ltr'><strong>Pag.</strong></span> <span class='ocrx_word' id='word_1_299' title='bbox 487 1848 546 1902; x_wconf 85' lang='lat'><strong>56.</strong></span> <span class='ocrx_word' id='word_1_300' title='bbox 571 1849 597 1888; x_wconf 91' lang='lat' dir='ltr'><strong>l.</strong></span> <span class='ocrx_word' id='word_1_301' title='bbox 624 1863 659 1888; x_wconf 86' lang='lat'><strong>2.</strong></span> <span class='ocrx_word' id='word_1_302' title='bbox 681 1847 865 1903; x_wconf 64' lang='grc' dir='ltr'>ἤλθομεν)</span> <span class='ocrx_word' id='word_1_303' title='bbox 888 1844 1001 1891; x_wconf 61' lang='grc' dir='ltr'><strong><em>ἦλθον</em></strong></span> <span class='ocrx_word' id='word_1_304' title='bbox 1026 1846 1086 1889; x_wconf 95' lang='lat' dir='ltr'>Cl.</span> <span class='ocrx_word' id='word_1_305' title='bbox 1113 1848 1254 1889; x_wconf 83' lang='lat' dir='ltr'><strong>Huns.</strong></span> <span class='ocrx_word' id='word_1_306' title='bbox 1274 1847 1375 1889; x_wconf 86' lang='lat' dir='ltr'><strong>Cass&#39;.</strong></span> <span class='ocrx_word' id='word_1_307' title='bbox 1432 1849 1459 1888; x_wconf 90' lang='lat' dir='ltr'><strong>l.</strong></span> <span class='ocrx_word' id='word_1_308' title='bbox 1486 1860 1521 1900; x_wconf 76' lang='lat'><strong>3.</strong></span> <span class='ocrx_word' id='word_1_309' title='bbox 1545 1847 1593 1904; x_wconf 76' lang='grc' dir='ltr'>ἐξ</span> 
     </span>
     <span class='ocr_line' id='line_1_32' title="bbox 313 1898 1593 1957; baseline 0.003 -16"><span class='ocrx_word' id='word_1_310' title='bbox 313 1899 398 1943; x_wconf 71' lang='grc' dir='ltr'><strong><em>οἵων</em></strong></span> <span class='ocrx_word' id='word_1_311' title='bbox 426 1902 571 1943; x_wconf 64' lang='lat' dir='ltr'>’absunt</span> <span class='ocrx_word' id='word_1_312' title='bbox 603 1915 626 1944; x_wconf 82' lang='lat' dir='ltr'>a</span> <span class='ocrx_word' id='word_1_313' title='bbox 656 1903 754 1957; x_wconf 85' lang='lat' dir='ltr'>Reg.</span> <span class='ocrx_word' id='word_1_314' title='bbox 824 1904 848 1942; x_wconf 87' lang='lat'>1.</span> <span class='ocrx_word' id='word_1_315' title='bbox 879 1917 917 1955; x_wconf 87' lang='lat'><strong>7.</strong></span> <span class='ocrx_word' id='word_1_316' title='bbox 950 1898 1074 1943; x_wconf 72' lang='grc' dir='ltr'>αὗτῶν</span> <span class='ocrx_word' id='word_1_317' title='bbox 1099 1900 1350 1954; x_wconf 65' lang='grc' dir='ltr'><strong><em>ἐπακοῦσαι)</em></strong></span> <span class='ocrx_word' id='word_1_318' title='bbox 1371 1901 1593 1945; x_wconf 70' lang='grc' dir='ltr'><strong><em>ἐπακοῦσαι</em></strong></span> 
     </span>
     <span class='ocr_line' id='line_1_33' title="bbox 314 1952 1588 2009; baseline 0.002 -13"><span class='ocrx_word' id='word_1_319' title='bbox 314 1952 439 1998; x_wconf 72' lang='grc' dir='ltr'>αὖτῶν</span> <span class='ocrx_word' id='word_1_320' title='bbox 458 1957 528 1998; x_wconf 81' lang='lat' dir='ltr'><strong>Ar.</strong></span> <span class='ocrx_word' id='word_1_321' title='bbox 557 1957 602 1999; x_wconf 89' lang='lat' dir='ltr'>C.</span> <span class='ocrx_word' id='word_1_322' title='bbox 630 1958 770 1998; x_wconf 83' lang='lat' dir='ltr'><strong>HUDS.</strong></span> <span class='ocrx_word' id='word_1_323' title='bbox 797 1956 900 1997; x_wconf 88' lang='lat' dir='ltr'><strong>Dan.</strong></span> <span class='ocrx_word' id='word_1_324' title='bbox 973 1957 998 1997; x_wconf 90' lang='lat' dir='ltr'><strong>l.</strong></span> <span class='ocrx_word' id='word_1_325' title='bbox 1024 1970 1061 2009; x_wconf 89' lang='lat'><strong>9.</strong></span> <span class='ocrx_word' id='word_1_326' title='bbox 1088 1954 1135 1996; x_wconf 55' lang='lat' dir='ltr'>s&amp;</span> <span class='ocrx_word' id='word_1_327' title='bbox 1160 1952 1270 1996; x_wconf 72' lang='grc' dir='ltr'><strong><em>αὐτοὶ</em></strong></span> <span class='ocrx_word' id='word_1_328' title='bbox 1296 1955 1450 2007; x_wconf 68' lang='grc' dir='ltr'><strong><em>μᾶλλον</em></strong></span> <span class='ocrx_word' id='word_1_329' title='bbox 1477 1957 1588 2007; x_wconf 89' lang='lat' dir='ltr'><strong>&amp;c.)</strong></span> 
     </span>
     <span class='ocr_line' id='line_1_34' title="bbox 314 2006 1593 2063; baseline 0.002 -13"><span class='ocrx_word' id='word_1_330' title='bbox 314 2009 363 2050; x_wconf 58' lang='grc' dir='ltr'>δὲ</span> <span class='ocrx_word' id='word_1_331' title='bbox 383 2012 537 2062; x_wconf 70' lang='grc' dir='ltr'><strong><em>μᾶλλον</em></strong></span> <span class='ocrx_word' id='word_1_332' title='bbox 557 2011 663 2052; x_wconf 75' lang='grc' dir='ltr'>’ὄντες</span> <span class='ocrx_word' id='word_1_333' title='bbox 691 2006 800 2052; x_wconf 71' lang='grc' dir='ltr'><strong><em>αὐτοὶ</em></strong></span> <span class='ocrx_word' id='word_1_334' title='bbox 816 2042 828 2059; x_wconf 93' lang='grc'><em>,</em></span> <span class='ocrx_word' id='word_1_335' title='bbox 848 2012 868 2051; x_wconf 72' lang='grc' dir='ltr'>ἢ</span> <span class='ocrx_word' id='word_1_336' title='bbox 889 2026 979 2062; x_wconf 85' lang='grc' dir='ltr'><strong><em>μιμ.</em></strong></span> <span class='ocrx_word' id='word_1_337' title='bbox 1001 2010 1127 2063; x_wconf 85' lang='lat' dir='ltr'><strong>Marg.</strong></span> <span class='ocrx_word' id='word_1_338' title='bbox 1154 2008 1201 2050; x_wconf 57' lang='lat' dir='ltr'>se</span> <span class='ocrx_word' id='word_1_339' title='bbox 1224 2009 1379 2060; x_wconf 64' lang='grc' dir='ltr'><strong><em>μᾶλλον</em></strong></span> <span class='ocrx_word' id='word_1_340' title='bbox 1403 2006 1510 2051; x_wconf 62' lang='lat' dir='ltr'>advo)</span> <span class='ocrx_word' id='word_1_341' title='bbox 1533 2010 1593 2052; x_wconf 73' lang='grc' dir='ltr'>’όνο</span> 
     </span>
     <span class='ocr_line' id='line_1_35' title="bbox 315 2062 1588 2118; baseline 0.002 -15"><span class='ocrx_word' id='word_1_342' title='bbox 315 2077 382 2104; x_wconf 73' lang='grc' dir='ltr'>τες</span> <span class='ocrx_word' id='word_1_343' title='bbox 403 2066 526 2114; x_wconf 74' lang='grc' dir='ltr'><strong><em>τισὶν,</em></strong></span> <span class='ocrx_word' id='word_1_344' title='bbox 548 2066 566 2107; x_wconf 72' lang='lat' dir='ltr'>ii</span> <span class='ocrx_word' id='word_1_345' title='bbox 581 2081 671 2117; x_wconf 83' lang='grc' dir='ltr'><strong><em>μιμ.</em></strong></span> <span class='ocrx_word' id='word_1_346' title='bbox 694 2065 764 2106; x_wconf 87' lang='lat' dir='ltr'><strong>Ar.</strong></span> <span class='ocrx_word' id='word_1_347' title='bbox 788 2064 836 2106; x_wconf 89' lang='lat' dir='ltr'><strong>C.</strong></span> <span class='ocrx_word' id='word_1_348' title='bbox 860 2065 926 2106; x_wconf 91' lang='lat' dir='ltr'>Est</span> <span class='ocrx_word' id='word_1_349' title='bbox 946 2065 1020 2105; x_wconf 84' lang='lat' dir='ltr'>alia</span> <span class='ocrx_word' id='word_1_350' title='bbox 1039 2065 1154 2104; x_wconf 85' lang='lat' dir='ltr'>etiam</span> <span class='ocrx_word' id='word_1_351' title='bbox 1167 2062 1304 2113; x_wconf 74' lang='lat' dir='ltr'>lefflo‚</span> <span class='ocrx_word' id='word_1_352' title='bbox 1319 2063 1588 2118; x_wconf 54' lang='lat' dir='ltr'>vapasea‘ypcae</span> 
     </span>
     <span class='ocr_line' id='line_1_36' title="bbox 315 2115 1586 2172; baseline 0.002 -15"><span class='ocrx_word' id='word_1_353' title='bbox 315 2116 364 2157; x_wconf 61' lang='grc' dir='ltr'>Σὲ</span> <span class='ocrx_word' id='word_1_354' title='bbox 392 2118 543 2169; x_wconf 68' lang='grc' dir='ltr'><strong><em>μᾶλλον</em></strong></span> <span class='ocrx_word' id='word_1_355' title='bbox 566 2115 674 2160; x_wconf 69' lang='grc' dir='ltr'><strong><em>αὐτοὶ</em></strong></span> <span class='ocrx_word' id='word_1_356' title='bbox 703 2119 807 2160; x_wconf 75' lang='grc' dir='ltr'>’ὄντες</span> <span class='ocrx_word' id='word_1_357' title='bbox 833 2133 931 2168; x_wconf 86' lang='grc' dir='ltr'><strong><em>τινι,</em></strong></span> <span class='ocrx_word' id='word_1_358' title='bbox 953 2119 972 2161; x_wconf 74' lang='lat' dir='ltr'>ii</span> <span class='ocrx_word' id='word_1_359' title='bbox 997 2133 1088 2170; x_wconf 83' lang='grc' dir='ltr'><strong><em>μιμ.</em></strong></span> <span class='ocrx_word' id='word_1_360' title='bbox 1116 2118 1311 2158; x_wconf 86' lang='lat' dir='ltr'>Libentius</span> <span class='ocrx_word' id='word_1_361' title='bbox 1341 2118 1432 2167; x_wconf 80' lang='grc' dir='ltr'><strong><em>τιν),</em></strong></span> <span class='ocrx_word' id='word_1_362' title='bbox 1467 2132 1586 2172; x_wconf 89' lang='lat' dir='ltr'>quam</span> 
     </span>
     <span class='ocr_line' id='line_1_37' title="bbox 314 2171 1586 2224; baseline 0.003 -14"><span class='ocrx_word' id='word_1_363' title='bbox 314 2173 423 2221; x_wconf 74' lang='grc' dir='ltr'><strong><em>τισὶ,</em></strong></span> <span class='ocrx_word' id='word_1_364' title='bbox 448 2175 487 2213; x_wconf 92' lang='lat' dir='ltr'>in</span> <span class='ocrx_word' id='word_1_365' title='bbox 512 2173 729 2214; x_wconf 88' lang='lat' dir='ltr'>huiusmodi</span> <span class='ocrx_word' id='word_1_366' title='bbox 751 2173 847 2213; x_wconf 84' lang='lat' dir='ltr'>locis</span> <span class='ocrx_word' id='word_1_367' title='bbox 870 2172 960 2214; x_wconf 89' lang='lat' dir='ltr'>dicit</span> <span class='ocrx_word' id='word_1_368' title='bbox 978 2171 1200 2224; x_wconf 87' lang='lat' dir='ltr'>Thucydid.</span> <span class='ocrx_word' id='word_1_369' title='bbox 1221 2173 1306 2213; x_wconf 88' lang='lat' dir='ltr'>Nec</span> <span class='ocrx_word' id='word_1_370' title='bbox 1325 2184 1488 2218; x_wconf 86' lang='lat' dir='ltr'>movere</span> <span class='ocrx_word' id='word_1_371' title='bbox 1510 2185 1586 2214; x_wconf 87' lang='lat' dir='ltr'>nos</span> 
     </span>
     <span class='ocr_line' id='line_1_38' title="bbox 316 2224 1583 2282; baseline 0.001 -17"><span class='ocrx_word' id='word_1_372' title='bbox 316 2225 454 2277; x_wconf 90' lang='lat' dir='ltr'>debet,</span> <span class='ocrx_word' id='word_1_373' title='bbox 483 2228 550 2282; x_wconf 89' lang='lat' dir='ltr'>qui</span> <span class='ocrx_word' id='word_1_374' title='bbox 572 2227 742 2282; x_wconf 86' lang='lat' dir='ltr'>sequitur</span> <span class='ocrx_word' id='word_1_375' title='bbox 789 2226 920 2267; x_wconf 86' lang='lat' dir='ltr'>luralis</span> <span class='ocrx_word' id='word_1_376' title='bbox 945 2227 1098 2267; x_wconf 88' lang='lat' dir='ltr'>numeri</span> <span class='ocrx_word' id='word_1_377' title='bbox 1121 2224 1372 2273; x_wconf 77' lang='lat' dir='ltr'>accusativus.</span> <span class='ocrx_word' id='word_1_378' title='bbox 1400 2224 1583 2280; x_wconf 86' lang='lat' dir='ltr'>Stephan.</span> 
     </span>
     <span class='ocr_line' id='line_1_39' title="bbox 309 2277 1586 2333; baseline -0.001 -14"><span class='ocrx_word' id='word_1_379' title='bbox 309 2277 447 2321; x_wconf 79' lang='grc' dir='ltr'>’Όντες</span> <span class='ocrx_word' id='word_1_380' title='bbox 468 2281 538 2321; x_wconf 77' lang='grc' dir='ltr'><strong><em>τινὶ</em></strong></span> <span class='ocrx_word' id='word_1_381' title='bbox 565 2281 625 2322; x_wconf 90' lang='lat' dir='ltr'>Cl.</span> <span class='ocrx_word' id='word_1_382' title='bbox 655 2281 727 2322; x_wconf 86' lang='lat' dir='ltr'><strong>Gr.</strong></span> <span class='ocrx_word' id='word_1_383' title='bbox 798 2293 894 2322; x_wconf 82' lang='lat' dir='ltr'><strong>uns.</strong></span> <span class='ocrx_word' id='word_1_384' title='bbox 916 2279 989 2321; x_wconf 90' lang='lat' dir='ltr'><strong>Ms.</strong></span> <span class='ocrx_word' id='word_1_385' title='bbox 1010 2278 1092 2321; x_wconf 87' lang='lat' dir='ltr'><strong>Bas.</strong></span> <span class='ocrx_word' id='word_1_386' title='bbox 1119 2278 1385 2333; x_wconf 54' lang='grc' dir='ltr'>παράδειγμα</span> <span class='ocrx_word' id='word_1_387' title='bbox 1411 2278 1456 2319; x_wconf 59' lang='grc' dir='ltr'>ἓὲ</span> <span class='ocrx_word' id='word_1_388' title='bbox 1481 2281 1586 2330; x_wconf 72' lang='grc' dir='ltr'>μᾶλ-</span> 
     </span>
     <span class='ocr_line' id='line_1_40' title="bbox 316 2329 1586 2388; baseline 0.002 -16"><span class='ocrx_word' id='word_1_389' title='bbox 316 2344 381 2373; x_wconf 80' lang='grc' dir='ltr'>λον</span> <span class='ocrx_word' id='word_1_390' title='bbox 407 2329 516 2374; x_wconf 66' lang='grc' dir='ltr'><strong><em>αὐτοὶ</em></strong></span> <span class='ocrx_word' id='word_1_391' title='bbox 539 2335 643 2375; x_wconf 76' lang='grc' dir='ltr'>’ὀντες</span> <span class='ocrx_word' id='word_1_392' title='bbox 666 2335 740 2375; x_wconf 74' lang='grc' dir='ltr'><strong><em>τινὶ</em></strong></span> <span class='ocrx_word' id='word_1_393' title='bbox 765 2335 863 2388; x_wconf 86' lang='lat' dir='ltr'>Reg.</span> <span class='ocrx_word' id='word_1_394' title='bbox 898 2332 997 2375; x_wconf 86' lang='lat' dir='ltr'><strong>Caff.</strong></span> <span class='ocrx_word' id='word_1_395' title='bbox 1023 2333 1093 2375; x_wconf 89' lang='lat' dir='ltr'><strong>Gr.</strong></span> <span class='ocrx_word' id='word_1_396' title='bbox 1125 2333 1228 2374; x_wconf 89' lang='lat' dir='ltr'><strong>Cum</strong></span> <span class='ocrx_word' id='word_1_397' title='bbox 1255 2332 1324 2373; x_wconf 86' lang='lat' dir='ltr'><strong>Ar.</strong></span> <span class='ocrx_word' id='word_1_398' title='bbox 1358 2332 1399 2373; x_wconf 87' lang='lat'>&amp;</span> <span class='ocrx_word' id='word_1_399' title='bbox 1422 2333 1469 2374; x_wconf 93' lang='lat' dir='ltr'><strong>C.</strong></span> <span class='ocrx_word' id='word_1_400' title='bbox 1491 2347 1586 2375; x_wconf 86' lang='lat' dir='ltr'>con-</span> 
     </span>
     <span class='ocr_line' id='line_1_41' title="bbox 317 2385 1581 2436; baseline 0 -10"><span class='ocrx_word' id='word_1_401' title='bbox 317 2387 429 2428; x_wconf 66' lang='lat' dir='ltr'>sentit</span> <span class='ocrx_word' id='word_1_402' title='bbox 447 2387 551 2428; x_wconf 84' lang='lat' dir='ltr'><strong>Dan.</strong></span> <span class='ocrx_word' id='word_1_403' title='bbox 571 2387 634 2429; x_wconf 87' lang='lat' dir='ltr'>sed</span> <span class='ocrx_word' id='word_1_404' title='bbox 652 2389 724 2428; x_wconf 81' lang='lat' dir='ltr'>alia</span> <span class='ocrx_word' id='word_1_405' title='bbox 742 2401 862 2429; x_wconf 90' lang='lat' dir='ltr'>manu</span> <span class='ocrx_word' id='word_1_406' title='bbox 879 2388 977 2428; x_wconf 86' lang='lat' dir='ltr'>inter</span> <span class='ocrx_word' id='word_1_407' title='bbox 1003 2386 1139 2428; x_wconf 86' lang='lat' dir='ltr'>versus</span> <span class='ocrx_word' id='word_1_408' title='bbox 1159 2385 1339 2436; x_wconf 79' lang='lat' dir='ltr'>scriptum</span> <span class='ocrx_word' id='word_1_409' title='bbox 1360 2386 1476 2428; x_wconf 87' lang='lat' dir='ltr'>habet</span> <span class='ocrx_word' id='word_1_410' title='bbox 1496 2387 1581 2427; x_wconf 82' lang='grc' dir='ltr'><strong><em>τινί.</em></strong></span> 
     </span>
     <span class='ocr_line' id='line_1_42' title="bbox 318 2439 1585 2494; baseline 0.002 -15"><span class='ocrx_word' id='word_1_411' title='bbox 318 2441 343 2480; x_wconf 87' lang='lat' dir='ltr'><strong>I.</strong></span> <span class='ocrx_word' id='word_1_412' title='bbox 373 2454 430 2480; x_wconf 85' lang='lat'>11.</span> <span class='ocrx_word' id='word_1_413' title='bbox 453 2441 545 2482; x_wconf 75' lang='grc' dir='ltr'>ἀλλ’</span> <span class='ocrx_word' id='word_1_414' title='bbox 563 2441 619 2490; x_wconf 76' lang='grc' dir='ltr'>ἐς)</span> <span class='ocrx_word' id='word_1_415' title='bbox 647 2441 735 2481; x_wconf 74' lang='grc' dir='ltr'><strong>ἀλλ’</strong></span> <span class='ocrx_word' id='word_1_416' title='bbox 756 2442 820 2481; x_wconf 73' lang='grc' dir='ltr'>ἐπὶ</span> <span class='ocrx_word' id='word_1_417' title='bbox 838 2442 949 2482; x_wconf 82' lang='lat' dir='ltr'><strong>Cam.</strong></span> <span class='ocrx_word' id='word_1_418' title='bbox 971 2442 1109 2482; x_wconf 87' lang='lat' dir='ltr'><strong>HUDS.</strong></span> <span class='ocrx_word' id='word_1_419' title='bbox 1128 2440 1202 2480; x_wconf 90' lang='lat' dir='ltr'><strong>Ms.</strong></span> <span class='ocrx_word' id='word_1_420' title='bbox 1222 2439 1308 2481; x_wconf 85' lang='lat' dir='ltr'><strong>Bas.</strong></span> <span class='ocrx_word' id='word_1_421' title='bbox 1350 2444 1425 2480; x_wconf 68' lang='lat' dir='ltr'>ead.</span> <span class='ocrx_word' id='word_1_422' title='bbox 1453 2440 1585 2494; x_wconf 73' lang='grc' dir='ltr'>οἰκεῖν)</span> 
     </span>
     <span class='ocr_line' id='line_1_43' title="bbox 317 2490 1582 2549; baseline -0.002 -11"><span class='ocrx_word' id='word_1_423' title='bbox 317 2490 418 2538; x_wconf 68' lang='lat' dir='ltr'>{inm</span> <span class='ocrx_word' id='word_1_424' title='bbox 436 2494 508 2539; x_wconf 85' lang='lat' dir='ltr'><strong>Ar.</strong></span> <span class='ocrx_word' id='word_1_425' title='bbox 535 2495 584 2538; x_wconf 89' lang='lat' dir='ltr'><strong>C.</strong></span> <span class='ocrx_word' id='word_1_426' title='bbox 603 2494 664 2538; x_wconf 81' lang='lat' dir='ltr'>el.</span> <span class='ocrx_word' id='word_1_427' title='bbox 682 2494 746 2537; x_wconf 89' lang='lat' dir='ltr'>sed</span> <span class='ocrx_word' id='word_1_428' title='bbox 765 2495 827 2539; x_wconf 84' lang='lat' dir='ltr'>hic</span> <span class='ocrx_word' id='word_1_429' title='bbox 842 2496 893 2536; x_wconf 86' lang='lat' dir='ltr'>-in</span> <span class='ocrx_word' id='word_1_430' title='bbox 919 2508 1041 2549; x_wconf 87' lang='lat' dir='ltr'><strong>marg.</strong></span> <span class='ocrx_word' id='word_1_431' title='bbox 1066 2494 1172 2537; x_wconf 77' lang='grc' dir='ltr'>οἰκεῖν</span> <span class='ocrx_word' id='word_1_432' title='bbox 1195 2494 1321 2535; x_wconf 74' lang='lat' dir='ltr'><strong>IDEM.</strong></span> <span class='ocrx_word' id='word_1_433' title='bbox 1347 2490 1444 2538; x_wconf 65' lang='grc' dir='ltr'>ἥκειν</span> <span class='ocrx_word' id='word_1_434' title='bbox 1474 2494 1582 2537; x_wconf 86' lang='lat' dir='ltr'><strong>Dan.</strong></span> 
     </span>
    </p>
   </div>
  </div>
 </body>
</html>
