1734 3158
387 239 480 288 4st
591 223 1469 279 ANNOTATIONES

385 318 499 359 matis
540 306 595 360 est
627 319 733 374 apud
765 319 998 374 Scaligerum
1034 318 1080 359 ad
1119 319 1255 360 Severi
1295 319 1464 362 Aetnam
1487 310 1540 362 ἡ.
1570 317 1666 374 362³

441 374 533 427 Pag,
563 387 649 413 120.
677 374 700 413 l.
734 387 794 423 14.
819 372 1060 427 Ἀρκτούρου)
1089 372 1155 414 De
1174 373 1348 416 Areturo
1375 375 1466 417 vide
1486 375 1664 430 §caligo-7

385 439 474 468 rum
497 427 544 467 ad
564 427 783 469 Manilium.
805 428 945 468 Huns.

444 482 534 535 Pag.
569 495 654 521 121.
687 482 712 521 I.
748 496 786 533 7.
811 480 985 522 rumine:
1007 503 1054 511 --
1080 481 1292 531 σιτοποιοὶ)
1331 482 1478 537 Tangit
1505 492 1660 524 morem

386 534 648 585 Graecorum,
669 536 770 589 apud
787 549 888 589 quos
906 534 985 575 hoc
1008 535 1216 576 mulierum
1235 549 1376 577 munus
1395 547 1498 587 erat,
1511 548 1555 578 ut
1575 536 1658 578 fru-

385 601 454 642 ges
475 589 687 643 pinserent,
713 602 851 643 panem
876 602 925 629 co
954 601 1111 639 nerent,
1131 590 1173 630 δι
1198 590 1270 630 alia
1293 591 1341 631 ad
1362 591 1509 632 vidium
1538 591 1659 646 perti·

385 645 516 684 nentia
535 648 731 697 pararent:
753 643 800 683 de
828 656 911 697 quo
968 643 1057 684 eith.
1079 644 1120 682 in
1144 645 1417 698 Antiquitatib.
1440 645 1562 686 Hom.
1581 645 1659 694 IV,

385 711 423 751 3.
449 697 546 737 Add.
576 697 698 737 Plaut.
727 697 888 737 Mercat.
911 696 973 746 ΙΙ,
1000 709 1043 748 3,
1064 696 1114 736 62
1128 727 1141 746 ,
1162 698 1205 738 δι
1227 699 1385 739 Terent.
1409 698 1578 754 Adelph.
1601 698 1660 749 V‚·

386 762 434 804 3,
457 753 521 791 60.
544 750 609 791 De
632 751 826 791 Romanis
848 759 966 790 notus
994 749 1049 789 est
1076 750 1188 791 locus
1220 752 1331 792 Plinii
1360 752 1498 793 XVIII
1528 754 1579 793 H.
1603 753 1658 794 N.

389 818 458 844 11:
482 806 632 858 Pistores
655 807 783 845 Romae
802 821 870 844 non
886 803 984 857 fuere
1005 807 1054 844 ad
1078 805 1247 857 Persicum
1270 807 1368 860 uspue
1389 807 1529 853 bellum,
1553 809 1659 847 annis

385 861 432 898 ab
459 861 511 899 U.
539 861 577 901 C.
589 883 590 886 =
593 859 698 913 fitper
719 859 937 899 DLXXX:
961 859 1027 912 ipsi
1035 873 1160 912 panem
1173 858 1356 912 fizct'ebant
1382 862 1558 912 Quirites,
1582 876 1656 900 mu-

383 913 565 967 lierumque
596 915 635 952 id
654 928 741 967 opus
764 925 864 962 erat;
885 914 978 964 ficut
1010 913 1113 952 etiam
1136 915 1285 953 nuncin
1333 915 1466 953 lurimis
1492 917 1655 966 gentium.
1701 942 1704 946 -

383 965 465 1007 Cui
488 968 608 1022 magis
639 967 782 1016 credo,
806 978 925 1020 quam
959 965 1058 1005 Plu't.
1092 966 1257 1019 Quaest.
1331 981 1411 1008 om.
1434 968 1656 1009 LXXXIV.

383 1019 434 1060 Et
459 1035 550 1062 rure
581 1034 667 1061 mos
699 1033 813 1062 vetus
835 1018 986 1060 manfit.
1019 1019 1174 1074 Ulpian.
1199 1021 1224 1061 l.
1256 1035 1300 1060 η
1325 1022 1354 1072 §.
1384 1034 1417 1076 ς.
1446 1021 1500 1063 D.
1519 1022 1566 1062 de
1591 1022 1659 1063 In-

383 1073 517 1131 struit,
539 1075 604 1116 vel
626 1074 805 1115 Instrum.
828 1074 901 1129 leg.
929 1073 966 1113 6·
989 1075 1162 1121 mulieres,
1184 1090 1270 1129 quae
1286 1090 1410 1128 panem
1428 1088 1588 1130 coquant.

439 1133 515 1170 ead.
536 1131 560 1169 l.
590 1142 649 1181 13.
672 1127 1113 1190 Δισχιλίοιςλῠίοάοϊ.
1135 1129 1248 1169 Sicul.
1273 1129 1316 1169 L.
1341 1129 1443 1177 XII,
1467 1142 1556 1183 pag.
1581 1143 1654 1182 3¹1

384 1182 424 1223 b.
457 1183 611 1232 scribit,
648 1183 766 1224 duces
796 1181 1088 1222 Athemensxum
1121 1181 1254 1224 miffos
1279 1185 1390 1236 μετὰ
1417 1198 1659 1239 στρατιωτωυ
1732 1235 1734 1239 Ι

383 1237 538 1291 χιλίων.
561 1238 635 1292 leg.
661 1236 886 1291 ὃισχιλίων.
906 1237 1053 1276 WAss.

443 1292 535 1344 Pag.
562 1306 647 1332 122.
678 1292 703 1331 l.
733 1305 766 1332 1.
791 1285 1044 1344 Ἐστροιτῇγει
1070 1288 1176 1344 ὅτε.)
1204 1290 1316 1330 Alter
1341 1302 1392 1331 ex
1419 1290 1480 1332 his
1504 1291 1659 1333 duobus
1731 1286 1734 1330 J

383 1344 568 1395 ducibus,
590 1345 768 1399 quicum
790 1344 868 1385 hoc
892 1343 1158 1398 Xenophonte
1179 1345 1314 1407 copias
1341 1344 1555 1396 ducebant,
1581 1359 1659 1390 νος
1728 1358 1734 1387 »ε

383 1399 543 1440 cabatur
559 1399 769 1449 Calliades,
790 1398 838 1439 de
850 1411 933 1453 quo
947 1397 1172 1439 Plutarchus
1190 1411 1231 1438 ιη
1252 1398 1374 1440 Nicia.
1393 1398 1555 1440 Palmer.
1573 1401 1659 1442 Ve-

381 1456 472 1493 r'um
498 1453 540 1494 F.
572 1453 733 1502 Portus,
760 1451 887 1493 nescio
906 1464 988 1507 qua
1011 1451 1267 1502 auaoritate,
1290 1452 1546 1508 Xenophonti
1566 1453 1656 1495 iun·
1730 1473 1734 1483 ι

381 1508 440 1561 git
457 1507 736 1549 Hestiodorum
759 1507 801 1548 δι
827 1506 1151 1547 Phanomachum.
1174 1507 1315 1547 Hum.
1336 1506 1655 1551 Phanomachum
1728 1516 1734 1573 ζ

381 1563 559 1602 nominat
581 1561 785 1603 Diodorus
802 1561 883 1601 Lib.
905 1560 1004 1610 XII,
1022 1573 1108 1615 pag.
1140 1573 1224 1611 311.
1248 1562 1397 1602 W'Ass.

437 1620 512 1656 ead.
536 1617 559 1655 l.
583 1631 618 1664 4.
639 1616 715 1656 Τῶν
734 1615 789 1667 μὴ
809 1613 970 1669 ταῦτα.)
991 1613 1078 1655 Mff.
1104 1613 1177 1655 τῶν
1199 1609 1239 1655 οὗ
1262 1613 1407 1656 ταῦτα.
1433 1613 1500 1655 An
1522 1611 1562 1656 οὗ
1580 1615 1653 1668 μὶ,

381 1680 428 1711 ut
453 1669 570 1712 alibi?
594 1670 720 1710 IDEM.
745 1669 849 1710 Dan.
873 1681 954 1709 non
977 1669 1079 1709 male
1112 1668 1254 1709 ταυτά.
1283 1669 1408 1709 Etiam
1431 1669 1654 1723 praeferen·
1723 1661 1728 1703 ἶ

383 1724 475 1764 dum
494 1735 594 1779 puto
617 1722 978 1778 προσ-πεμψάντων
995 1735 1085 1763 nam
1106 1723 1350 1778 προπέμπειν
1371 1722 1451 1765 fere
1466 1723 1570 1764 aliud
1587 1723 1657 1767 est.

382 1778 527 1819 Eadem
548 1779 714 1819 varietas
737 1779 793 1820 est
812 1778 894 1818 Lib.
916 1777 956 1825 1,
980 1790 1062 1832 cap.
1091 1789 1152 1832 53.

437 1836 512 1873 ead.
536 1833 560 1872 I.
594 1846 651 1873 10.
681 1831 946 1886 Σπάρτωλον)
966 1831 1024 1871 Ita
1048 1830 1109 1871 hic
1128 1830 1255 1872 Codd.
1277 1829 1319 1871 δι
1346 1843 1441 1871 mox
1466 1831 1656 1883 Σπαρτώ-

380 1897 470 1936 λου,
490 1887 530 1928 δι
551 1886 633 1926 Lib.
656 1887 711 1935 V,
729 1900 815 1941 cap.
838 1900 854 1926 1
895 1917 907 1936 ‚
927 1884 1176 1940 Σπάρτωλος.
1193 1897 1265 1925 nec
1279 1884 1388 1925 aliter
1408 1884 1539 1940 Steph.
1560 1886 1655 1928 vid.

381 1940 488 1981 Suid.
518 1942 751 1995 Harpocrat.
783 1941 845 1981 He
862 1939 953 1993 ych.
993 1940 1036 1980 δι
1062 1938 1190 1980 Schol.
1221 1937 1480 1993 Σπαρτωλίων
1509 1947 1654 1981 numus

381 1994 464 2035 Titi
491 1996 595 2050 apud
619 1995 832 2036 Goltzium.
864 1994 1010 2033 WAsS.
1033 1993 1078 2033 In
1100 1992 1323 2048 Stephano,
1346 1992 1388 2034 δι
1418 1992 1499 2034 aliis
1523 1995 1654 2035 omni·
1710 2001 1716 2014 ⁴*

380 2048 454 2089 bus
476 2078 487 2098 ‚
508 2059 658 2104 praeter
690 2047 925 2091 Scholiasten
945 2046 1133 2100 Thucyd.
1157 2046 1211 2088 est
1233 2048 1499 2101 Σπαρτωλὶς,
1521 2046 1656 2101 ὄξυτόε

379 2116 472 2152 mc,
500 2103 591 2144 item
617 2103 657 2143 in
679 2105 797 2145 Xeno
826 2103 862 2142 h.
889 2102 931 2143 V
954 2101 1094 2143 Graec.
1111 2115 1151 2157 p.
1183 2101 1271 2157 561.
1294 2101 1405 2143 cuius
1424 2100 1557 2143 locum
1579 2109 1655 2151 an-J

287 2168 296 2184 ¹
377 2158 532 2198 notavit
553 2156 683 2199 vales.
702 2158 750 2198 ad
812 2165 1005 2211 arpocrat.

304 2237 306 2239 ·
434 2212 526 2264 Pag.
561 2225 646 2265 123.
669 2211 695 2251 l.
721 2226 758 2262 7.
786 2208 1084 2264 Ἀποχωροῦσι)
1115 2208 1342 2251 Scholiastes
1370 2208 1495 2250 videri
1523 2208 1650 2264 poffet

377 2263 505 2324 legiss'e
530 2262 798 2320 ὑποχωροῦσι,
827 2264 964 2320 (quod
986 2263 1107 2316 magis
1161 2263 1312 2318 roprie‚
1332 2275 1449 2314 quam
1479 2263 1649 2317 ἀποχω-

376 2331 501 2378 ἦουσι,
522 2319 662 2360 dicitur
680 2320 726 2360 de
742 2319 809 2368 iis,
857 2319 898 2359 ui
917 2317 1101 2372 paulatim
1139 2331 1163 2358 e
1178 2316 1418 2367 subducunt,
1436 2327 1649 2372 antequam

377 2374 513 2435 fugant
544 2372 762 2435 arripiant)
783 2333 857 2435 nia
886 2373 1113 2413 haberemus
1137 2369 1357 2412 &westsear
1373 2402 1387 2421 ,
1416 2371 1526 2426 quod
1554 2370 1648 2413 satis

377 2426 571 2534 apag-101
580 2426 1238 2540 3ρῖ111ιοῖηὲἳὲιᾷηδθτεξιίὂῌὶεὲἰωΐ
1256 2478 1370 2519 etiam
1392 2478 1560 2526 βοηῧεῖνε
1580 2477 1650 2520 set!v
1692 2455 1693 2459 Ἰ

377 2533 471 2575 illud
497 2533 757 2590 compofitum
783 2532 1006 2589 ξυμβοηδεῖν
1028 2533 1068 2574 in
1089 2532 1173 2573 alus
1193 2545 1355 2588 quoque
1377 2530 1473 2575 lo'cis
1501 2532 1651 2585 exstat,
1688 2575 1692 2583 .
