1734 3158
391 247 484 295 292
680 225 1374 273 THUCYDIDIS

390 322 578 386 πληθους
591 345 638 375 τε
653 327 863 394 ἰσονομίας
877 335 1100 384 πολιτικης
1110 360 1122 379 ,
1137 345 1214 374 και
1229 325 1552 396 ἀριστοκρατίας
1565 350 1658 381 σω-

391 411 536 488 φρονος
561 422 831 473 προτιμησει,
861 421 922 451 τα
933 421 1024 490 μεν
1050 422 1168 452 κοινα
1195 398 1324 470 λόγῳ
1348 399 1656 473 &epam-evortes

387 474 539 530 ἀθλα’
528 499 730 530 εποιουντο
741 514 753 532 ,
766 499 898 528 παν-τι
876 467 954 528 ὃ
943 498 960 527 ε
978 500 1118 548 τροπῳ
1137 474 1427 546 ἀγωνιζομενοι
1441 476 1656 539 αλληλων
1724 514 1734 528 ,·

390 553 789 646 περιγίγνεσθαι,’
778 552 1020 622 ετὸλμηο-αν
1032 574 1077 604 τε
1089 575 1149 604 τα
1167 552 1405 608 δεινότατα,
1425 548 1656 621 ὲπεξηεσαν
1691 554 1694 556 v

389 652 435 682 τε
446 668 457 685 ,
478 653 558 688 τας
571 635 774 702 τιμωρίαις
791 626 852 681 ἔτι
866 633 1028 698 μείζους
1040 632 1084 679 οὐ
1098 625 1231 721 μέχρι
1243 629 1313 680 τοῧ
1335 629 1493 682 δικαίου
1512 652 1589 682 και
1605 654 1654 695 τῃ

388 705 517 760 πολει
540 706 755 796 Ξυμφόρου
775 701 1076 794 προτιθεντες,’
1066 727 1106 762 ες
1124 696 1231 756 δε
1190 729 1235 756 το
1252 702 1456 778 ἑκατέροις
1473 731 1555 759 που
1573 704 1656 758 αἱει

387 776 565 851 ᾖδονην
541 804 635 844 εχον
639 785 858 877 ὁρίζοντες,
880 803 958 833 και
976 804 999 840 η
1017 802 1136 850 μετα
1160 779 1313 847 ψηφου
1338 783 1482 835 ἀδίκου
1504 805 1652 835 κατα-

389 858 610 924 γνώσεως,
633 882 655 918 η
674 880 781 930 χειρι
801 878 1002 927 κτωμενοι
1017 879 1062 908 το
1083 879 1267 929 κρατειν,
1285 852 1440 930 ’ἕτοιμοι
1459 854 1566 920 ἦσαν
1583 883 1655 919 την

388 939 552 987 αὐτίκα
572 939 833 996 φιλονεικίαν
855 933 1190 1023 ἐμπιμπλάναι·
1218 931 1327 986 ὥστε
1350 937 1555 1007 ebo-eficiat
1578 957 1655 1005 μεν

387 1007 579 1083 οὐδέτεροι
612 1009 806 1081 ὲνομιξον,
838 1013 1070 1083 εὐπρεπείᾳ,
1098 1001 1144 1061 δε
1175 1009 1335 1076 λογον,
1370 1008 1426 1069 οἱς
1457 993 1655 1101 ξυμβαίη

393 1086 626 1150 ἒπιφθονως
654 1111 696 1138 τι
728 1085 1071 1158 ὃιαπραξασθαι
1085 1123 1097 1141 ,
1135 1108 1298 1178 αμεινον
1337 1083 1490 1148 ἢκουον.
1522 1110 1584 1140 τα
1611 1080 1658 1140 δε

1102 1157 1119 1175 Ι

388 1162 512 1236 μέσα
529 1187 609 1215 των
626 1176 812 1215 πολιτων
842 1165 916 1214 υπ’
935 1166 1238 1235 αμφοτερων,
1227 1187 1250 1224 η
1270 1161 1329 1214 ὁτι
1357 1167 1402 1214 οὐ
1435 1166 1653 1229 ξυνηγωνί-
1727 1157 1734 1222 ἶ

391 1242 553 1306 ξοντο,
542 1265 564 1301 η
548 1232 726 1312 φθονῳ
744 1239 816 1292 τοῧ
836 1261 1053 1312 περιειναι,
1071 1239 1348 1313 διεφθείροντο.
1717 1239 1734 1311 3}

383 1393 523 1448 populi
551 1392 864 1448 aequabilitatem
880 1423 893 1443 ‚
924 1392 968 1433 δι
996 1393 1236 1433 moderatam
1270 1393 1505 1447 optimatum
1532 1393 1660 1434 domi-

384 1464 586 1504 nationem
612 1473 890 1517 anteponentes
904 1493 917 1513 ,
948 1461 1227 1517 rempublicam
1252 1462 1381 1503 verbo
1404 1462 1559 1517 quidem
1586 1475 1658 1503 cu-

383 1533 541 1583 rabant3
554 1532 616 1575 sed
634 1546 676 1574 re
695 1532 774 1588 ipsa
787 1543 974 1588 tanquam
990 1531 1150 1574 suorum
1171 1532 1423 1574 certaminum
1439 1532 1655 1588 praemium

383 1618 471 1648 eam
495 1605 566 1645 fibi
584 1605 869 1660 proponebant.
891 1604 940 1644 Et
965 1617 1056 1645 cum
1079 1603 1143 1648 alii
1161 1603 1258 1644 alios
1278 1603 1390 1644 omni
1405 1602 1525 1644 modo
1544 1601 1656 1658 supe-

384 1690 470 1717 rare
485 1676 789 1726 contenderent,
808 1674 1038 1717 atrociffima
1059 1688 1236 1730 quaeque
1256 1673 1432 1716 facinora
1451 1672 1537 1715 sunt
1550 1672 1655 1723 aufi,

383 1747 428 1788 &
438 1746 526 1788 sunt
538 1746 724 1802 persecuti
734 1778 746 1796 ,
759 1760 928 1802 poenas,
938 1760 1021 1788 non
1035 1757 1222 1801 quantum
1241 1746 1435 1801 aequitas,
1450 1745 1494 1787 &
1506 1745 1652 1786 utilitas

382 1818 539 1872 publica
561 1817 797 1873 postulabat,
817 1815 880 1858 sed
897 1818 1016 1871 longe
1036 1818 1238 1872 graviores
1255 1817 1491 1870 irrogantes,
1513 1815 1555 1856 &
1575 1828 1652 1870 pro
1710 1831 1723 1874 :J

382 1888 451 1930 sua
472 1890 630 1944 utrique
649 1889 803 1930 libidine
818 1887 967 1944 semper
985 1902 1050 1929 eas
1066 1889 1106 1929 in
1118 1888 1289 1943 qualibet
1301 1892 1344 1929 re
1363 1887 1592 1937 statuentes;
1609 1887 1654 1928 δε
1709 1904 1722 1922 ==

381 1959 450 2000 vel
463 1960 604 2015 iniquis
619 1958 810 2014 suffragiis
820 1959 1044 2001 damnantes
1054 1990 1065 2008 ‚
1081 1960 1148 2002 vel
1165 1961 1340 2002 manibus
1353 1961 1566 2016 potentiam
1585 1960 1654 2001 fibi

382 2042 584 2084 parantes,
607 2032 655 2072 ad
686 2032 895 2087 praesentis
920 2033 1181 2074 contentionis
1205 2032 1400 2074 libidinem
1426 2033 1653 2088 explendam

382 2113 492 2142 erant
508 2103 644 2157 parati.
667 2103 805 2158 Itaque
825 2103 953 2144 neutri
973 2102 1181 2158 quidquam
1201 2101 1408 2158 transigere
1434 2101 1657 2145 consueve-
1703 2087 1718 2167 ³}

382 2185 469 2213 rant
480 2205 493 2224 ‚
507 2175 636 2216 habita
654 2176 804 2216 ratione
818 2175 1040 2230 religionis:
1058 2174 1122 2216 sed
1137 2175 1282 2230 quibus
1290 2173 1458 2229 speciosa
1475 2175 1656 2216 oratione

381 2242 526 2297 aliquid
547 2246 756 2287 commode
778 2245 985 2301 tranfigere
1006 2244 1166 2287 licuisset
1178 2277 1190 2295 ‚
1214 2244 1268 2285 ini
1282 2244 1421 2285 melius
1437 2245 1659 2288 audiebant:

381 2312 504 2354 Cives
526 2328 652 2363 ver0,
674 2326 876 2371 quotquot
898 2317 1000 2357 inter
1023 2313 1210 2368 utrosque
1235 2323 1345 2354 erant
1366 2313 1502 2364 medii,
1520 2313 1564 2354 δι
1583 2314 1652 2369 qui
1698 2297 1717 2372 ξ

381 2383 530 2423 neutris
549 2382 754 2436 favebant,
770 2399 843 2427 nec
858 2386 899 2426 in
914 2385 1088 2441 partibus
1111 2394 1241 2434 erant,
1262 2383 1405 2433 hi,vel
1431 2384 1541 2439 quod
1563 2384 1653 2425 illos
1696 2375 1714 2421 ἕ

380 2463 461 2492 non
472 2444 715 2504 adiuvarent,
726 2455 791 2496 vel
802 2466 963 2510 propter
973 2455 1154 2496 invidiam
1163 2487 1176 2505 ,
1186 2455 1294 2510 quod
1305 2453 1373 2510 ipsi
1385 2455 1647 2497 calamitatum
1689 2421 1713 2523 ξ

379 2521 496 2564 effent
517 2523 731 2576 immunes,
754 2524 804 2565 ab
827 2535 993 2579 utraque
1014 2522 1185 2567 fafitione
1206 2523 1359 2578 penitus
1378 2522 1650 2579 perdebantur.
1696 2529 1703 2572 ς,
1732 2570 1734 2607 1

1710 1787 1727 1819 Ἤ
1709 1740 1727 1774 ‘⁴³
1710 1514 1734 1732 are-mm
1730 1502 1734 1506 .
