1734 3158
343 186 440 249 448
552 183 1424 251 ANNoTATIONEs

401 277 476 316 ead.
498 275 523 315 Ι.
550 288 609 329 ¹5·
622 265 677 314 ’Ὦ
702 271 864 328 ἄνδρες)
886 273 1051 315 Nomini
1071 271 1276 324 Πλαταιῆς
1295 286 1379 314 non
1397 270 1624 328 praefigitur

345 330 480 384 ἄνδρες
508 329 548 370 in
573 329 699 370 veteri
727 329 851 369 libro:
875 341 978 382 quae
1002 339 1132 368 tamen
1155 327 1272 368 lectio
1296 327 1416 380 magis
1445 327 1620 369 Graecae

344 383 500 438 linguae
521 382 835 425 consuetudinem
852 381 1007 423 servare
1026 382 1194 423 videtur:
1215 381 1312 423 ficut
1330 392 1418 422 ante
1437 376 1466 422 ἔ»
1489 380 1622 435 Ἀρχί·

338 437 486 490 δαμε,
509 438 633 492 magis
654 450 772 491 quam
795 435 1034 490 Ἀρχίδαμε.
1057 436 1210 477 STEPH.

403 493 496 546 Pag.
534 505 619 532 ιιι.
644 492 668 530 l.
701 505 758 530 11.
791 491 981 543 Ἀρέσκει)
1013 492 1160 532 Veram
1185 489 1388 530 leffionem
1416 487 1492 529 effe
1521 497 1622 542 puto

346 545 472 595 hanc,
499 546 566 585 καὶ
590 545 696 585 τάδε
720 541 805 595 ὑμῖν
835 543 1005 597 ἀρέσκεις
1033 545 1096 593 (id
1119 543 1200 591 est,
1227 545 1291 584 καὶ
1328 541 1432 583 ταὸε
1459 542 1561 583 ἐστὶν
1589 541 1622 582 ὁὶ

348 597 438 653 ὗμῒν
465 599 635 654 ἀρέσκει)
656 597 808 640 etiamst
827 597 986 638 alteram
1007 598 1122 639 Valla
1145 597 1335 652 sequatur.
1360 596 1513 637 STEPH.

406 655 497 706 Pag.
527 667 609 693 112.
626 653 652 692 l.
678 665 710 704 3.
731 651 821 706 Περὶ
846 650 895 701 τῇ
922 651 1027 704 &c.)
1054 653 1142 706 Περὶ
1167 652 1276 703 ’πάσῃ
1306 649 1358 704 τῇ
1384 650 1498 692 πόλει
1520 649 1624 691 Dio·

349 707 486 761 ssyslus
504 707 699 748 Halicai‘n.
731 706 773 746 δι
801 705 949 746 melius.
970 708 1116 747 WAss.

407 765 481 802 ead.
500 762 525 801 l.
551 776 566 801 1
580 754 752 809 1.‘'017r01)
768 759 828 800 Sic
847 760 888 800 &
907 759 1030 800 Dion.
1054 759 1144 799 Hal.
1159 770 1258 813 puto
1276 772 1357 799 non
1372 757 1484 799 bene.
1495 757 1626 798 IDEM.

407 819 483 855 ead.
510 816 533 855 l.
559 829 618 868 13.
641 814 1016 867 Παρακαταθήκην)
1039 813 1226 867 Agnoscit
1247 813 1302 853 D.
1325 812 1414 853 Hah
1439 812 1482 852 δι
1505 811 1628 864 Phry·

350 869 519 918 nichus,
535 870 625 922 qui,
642 869 724 922 Hip
753 867 808 908 ias
828 865 1080 921 παραθήκην,
1094 869 1132 907 in
1161 868 1231 907 uit.
1258 866 1446 907 Nostrum
1462 865 1629 919 sequun-

352 934 418 964 tur
431 923 636 964 Demosth.
658 923 719 963 Ae
736 922 795 962 ch.
818 920 936 962 Isocr.
954 920 1117 962 Aristot.
1170 920 1280 975 olyb.
1298 919 1484 974 Iosephus
1510 933 1627 969 1144,
1708 943 1709 946 =

351 976 511 1019 Pausan.
529 976 691 1025 Pollux,
717 975 866 1016 Moeris
890 974 1076 1016 Atticista.
1098 976 1141 1016 δι
1164 976 1216 1015 ita
1244 975 1375 1016 locum
1400 973 1504 1014 hunc
1535 973 1628 1013 citat

353 1032 408 1073 T.
435 1030 629 1085 Magister.
657 1029 865 1084 παραδῇκη
887 1030 937 1069 ab
961 1029 1170 1070 Herodoto
1190 1029 1270 1070 est:
1296 1028 1353 1069 usi
1372 1027 1629 1080 phocylides,

354 1085 604 1135 Plutarchus,
622 1084 665 1125 δε
684 1083 928 1125 recentiores.
942 1083 1062 1138 Apud
1082 1071 1326 1125 Cleme’ntem
1346 1083 1431 1136 lege
1443 1094 1533 1122 cum
1555 1080 1630 1121 Ot·
1706 1118 1710 1125 ,

356 1141 440 1180 tob.
463 1154 524 1179 om
547 1136 823 1195 ακαντιὼνίκηνἰ
841 1139 900 1178 uti
919 1137 961 1178 &
982 1152 1003 1177 2
1027 1138 1153 1179 Mace.
1179 1137 1258 1186 III,
1281 1150 1354 1186 10,
1374 1148 1418 1189 ις
1439 1148 1491 1176 ex
1508 1134 1632 1175 Alex·

355 1194 443 1235 and.
463 1194 511 1235 Se
554 1193 689 1234 Tobit.
707 1193 767 1240 X,
795 1204 838 1244 ¹3
862 1191 994 1233 nescio
1015 1204 1065 1232 an
1087 1201 1224 1233 contra
1251 1189 1338 1231 Mff.
1359 1189 1630 1244 reponendum

356 1248 405 1290 fit
427 1244 651 1341 Zfdp‘ffilfissvt
672 1243 817 1302 phrasis
836 1245 891 1286 est
911 1246 1159 1295 Herodotea‚
1176 1258 1249 1287 nec
1265 1243 1382 1287 semel
1401 1246 1552 1308 tantum
1571 1243 1632 1283 in-

357 1313 530 1344 venitur.
575 1313 681 1341 DEM.
1500 1310 1502 1313 ’

414 1357 509 1409 Pag.
538 1368 624 1409 ¹13·
651 1357 678 1395 l.
706 1368 741 1395 2.
767 1353 899 1408 Μέχρι
927 1352 975 1393 st
994 1351 1157 1407 τούτου)
1177 1352 1315 1394 Τούτου
1345 1364 1505 1407 quoque
1527 1349 1634 1392 Dio-⁴

335 1450 339 1455 ,
356 1410 447 1464 nys.
464 1409 579 1451 recte.
612 1408 729 1449 «rossa
747 1407 1008 1463 praecefferat.
1032 1408 1159 1448 IDEM.

413 1468 487 1506 ead.
514 1465 540 1504 l.
562 1476 602 1513 7.
626 1462 790 1517 Τοιάδε)
807 1462 980 1516 Quidam
1005 1461 1091 1503 Mff.
1115 1460 1232 1503 roise-
1258 1461 1318 1502 Ita
1341 1460 1412 1503 vix
1441 1459 1531 1500 alibi
1558 1472 1635 1500 no·
1663 1467 1666 1470 ’

357 1517 444 1560 ster.
465 1519 508 1560 &
530 1517 651 1558 Dion.
670 1516 794 1558 Halic.
817 1515 967 1557 τοιάὸε.
990 1515 1118 1556 IDEM.
1471 1515 1475 1519 ’

414 1574 509 1626 Pag.
533 1586 619 1622 114.
645 1571 671 1611 l.
697 1584 730 1623 3.
753 1569 982 1620 Ἀδύνατα)
1005 1570 1069 1612 Sic
1095 1569 1212 1610 etiam
1234 1568 1362 1611 Dion.
1387 1567 1477 1610 Hal.
1506 1568 1549 1610 &
1571 1566 1636 1615 suff

359 1640 430 1683 pra
456 1627 488 1668 εἰ
512 1626 610 1675 sion,
634 1625 839 1680 quomodo
864 1625 1080 1678 legendum.
1105 1624 1231 1665 IDEM.
1581 1662 1585 1667 ,

413 1685 491 1722 ead.
519 1681 546 1720 l.
569 1694 606 1731 7.
634 1679 856 1732 Θεοὶ-ὅσοι)
881 1677 1030 1719 Confer
1057 1678 1227 1732 Euripid.
1257 1675 1446 1718 Phoeniffi
1474 1691 1516 1717 v.
1542 1688 1634 1729 494.

359 1735 488 1777 IDEM.
516 1734 631 1776 Plura
662 1734 749 1775 loca
775 1732 1005 1786 scriptorum
1025 1742 1206 1773 veterum
1219 1763 1232 1780 ,
1255 1732 1295 1772 in
1319 1731 1462 1786 quibus
1490 1730 1608 1771 urbes
1621 1758 1637 1777 ,

359 1791 430 1832 vel
455 1789 634 1844 regiones
660 1787 772 1840 ἔχειν
802 1787 984 1828 dicuntur
1014 1785 1115 1837 Dii,
1142 1787 1183 1826 in
1208 1798 1380 1840 quorum
1408 1784 1531 1825 tutela
1565 1796 1636 1824 eae

362 1843 475 1893 sunt,
493 1844 566 1898 leg.
589 1842 692 1897 apud
707 1842 850 1896 Spanh.
871 1841 918 1882 ad
937 1840 1087 1882 callim.
1114 1840 1254 1893 hymn.
1280 1840 1320 1880 in
1343 1838 1482 1880 Pallad.
1504 1852 1546 1879 v.
1573 1849 1635 1892 53.

303 1938 307 1943 ,
419 1901 495 1938 ead.
524 1900 548 1937 l.
573 1897 610 1937 8.
631 1895 845 1948 Ξυνίστορές
869 1894 990 1949 ἐστε)
1011 1894 1056 1934 In
1075 1893 1175 1935 Caff.
1207 1893 1421 1948 ξυνίστορες
1451 1891 1569 1941 ἔστε,
1591 1901 1638 1932 ut

363 1952 568 2006 legendum
591 1950 751 2006 putabat
768 1949 994 2003 Stephanus.
1016 1947 1139 1990 Paulo
1155 1948 1242 2003 post
1255 1947 1400 1988 Thom.
1423 1944 1579 2000 Magist.
1596 1946 1638 1985 in

363 2001 1086 2101 {lfs‘fflffga’ni’zMssfssgssaffiJnff'ssz
1099 2016 1218 2096 m
1243 1999 1639 2096 ³33⁶⁶2s25225¹331¹3n¹¹¹

445 2090 455 2100 υ
1122 2073 1135 2096 1
1622 2077 1641 2088 ο

363 2074 539 2155 ἂίοιιὲηι
562 2127 653 2154 cum
674 2072 783 2154 Codl.³
798 2111 898 2152 Cass'.
951 2087 1142 2152 onendam
1169 2070 1317 2164 putgm.

423 2171 498 2209 ead.
520 2168 546 2208 l.
577 2181 637 2207 10.
663 2161 902 2218 Εὖξέιμενοι)
923 2125 1018 2206 9³0st
1043 2160 1237 2217 εὗξάμενοι
1261 2163 1429 2204 additum
1456 2173 1508 2202 ex
1533 2170 1642 2202 vete-

366 2222 405 2263 ri
424 2220 496 2262 fuit
523 2218 624 2273 ὑμῖν.
645 2220 799 2261 STEPH.
824 2220 916 2260 Non
945 2218 1147 2272 intelligo,
1168 2217 1262 2272 quid
1294 2216 1402 2257 velit.
1434 2216 1537 2255 Nam
1564 2215 1641 2254 iam
1668 2265 1670 2267 Ι

368 2275 516 2316 dudum
548 2285 637 2315 ante
661 2273 863 2315 secundam
898 2272 998 2312 illius
1027 2273 1116 2313 edit.
1139 2273 1181 2311 in
1206 2269 1319 2312 Vasc.
1349 2269 1391 2310 &
1422 2268 1509 2309 Bas.
1535 2268 1642 2322 lege·
1691 2306 1694 2310 Α

367 2329 484 2370 batur
504 2325 602 2379 ὑμῖν.
637 2328 722 2369 Nec
744 2328 907 2376 dubito,
937 2327 1031 2380 quin
1064 2327 1182 2367 etiam
1208 2325 1249 2364 in
1271 2324 1356 2364 aliis
1374 2322 1444 2373 fit,
1472 2336 1562 2364 cum
1588 2333 1641 2363 ex

368 2384 417 2424 iis
441 2382 586 2423 nullam
605 2382 831 2422 varietatem
850 2381 1095 2421 annotaverit
1117 2377 1341 2419 Hudsonus.
1691 2408 1696 2419 .

426 2437 521 2490 Pag.
547 2449 633 2488 115.
655 2436 679 2474 l.
719 2449 750 2474 1.
773 2434 1050 2481 Ἐπιὲδειέισας)
1074 2432 1208 2474 suidas
1228 2432 1265 2472 h.
1295 2445 1337 2471 v.
1357 2433 1447 2471 τινα
1475 2427 1643 2470 ἐπιθειά-
1677 2445 1684 2450 ·

373 2504 450 2535 σας
472 2503 547 2545 pro
568 2487 773 2539 τοσαῦτα,
792 2489 882 2530 hinc
902 2487 1170 2530 emendandus.
1190 2484 1367 2540 Explicat
1382 2488 1426 2526 ‘rb
1446 2483 1544 2526 θεῖον
1565 2483 1646 2525 εἰσ·-
