1734 3158
108 564 183 599 Post
207 567 272 601 Iul.
291 577 326 602 2.

111 620 189 645 ante
200 612 262 647 lul.
272 613 326 648 16.

344 241 436 291 174
630 227 1317 279 THUCYDIDIS

339 321 508 379 ὃπλων,
528 317 591 376 «rba
612 319 753 389 ἐγγυς
767 347 839 385 της
859 323 1028 383 πολεως
1049 329 1315 398 κακουργεῖν.
1344 327 1608 398 ἐμμείναντες

338 390 387 452 δε
404 397 554 493 χρόνον
557 394 604 452 οὗ
622 398 733 464 εἰχον
753 422 816 453 τοο
838 406 979 457 σιτιόο,
1001 401 1296 475 ἀνεχωρησοιν,
1321 424 1401 454 κοιι
1424 402 1609 465 διελυθη-

343 498 425 529 σοον
445 473 570 530 uoci-2⁶
593 476 754 535 πόλεις.

416 546 479 615 β.
500 550 641 605 Μετῖι
659 543 762 604 δε
718 577 788 614 την
804 547 989 616 {mevam
1009 578 1088 607 των
1107 554 1476 616 Πελοποννησίων,
1500 552 1612 614 εὐθυς

342 625 545 691 Λεσβος,
563 622 678 691 πλην
695 627 992 700 ΝῙηθυμνης,’
969 627 1139 692 οιπέστη
1155 635 1238 682 ἀπ’
1255 631 1486 693 Ἀθηναίων·
1502 633 1611 694 βου-

341 703 525 798 ληθέντες
541 728 618 776 μεν
635 728 714 757 κοιι
730 728 807 778 προ
823 707 893 757 τοῧ
908 703 1101 778 πολέμου
1111 743 1123 762 ,
1142 707 1253 758 ἀλλ’
1269 730 1302 759 οι
1294 706 1610 800 Λακεδαιμοί-

341 805 410 837 νιοι
426 785 469 834 οὐ
488 778 804 855 προσεδέξαντο,
830 779 1194 872 οὶνοογκοοσθέντες
1213 774 1258 834 δε
1279 805 1357 836 ma
1375 781 1525 844 ταύτην
1544 807 1614 865 την

344 858 593 911 ἀπόστασιν
618 880 802 949 προτερον
830 882 854 918 η
879 858 1109 914 διενοοῦντο,
1137 856 1437 920 ποιησοοσθοοι.
1465 884 1544 912 των
1566 882 1612 912 τε

342 957 438 1003 ’yae
463 948 641 1005 λιμενων
673 957 739 996 την
769 956 906 998 χωσιν
933 957 1011 987 κοοι
1043 957 1195 998 τειχων
1228 934 1481 1006 οἱκοδομησιν
1493 973 1505 992 ,
1533 959 1612 988 και

344 1033 436 1068 νέων
453 1017 613 1072 ποίησιν
632 1007 822 1080 ὲπέμενον
841 1009 1127 1072 τελεσθηνοιι,
1145 1033 1224 1063 nou
1244 1010 1328 1063 ὅσοι
1343 1013 1393 1064 ἐκ
1406 1035 1476 1064 του
1451 1011 1611 1065 Πόν-

345 1110 416 1140 του
430 1084 504 1140 εδει
523 1083 800 1150 ἀφικέσθαι
796 1124 808 1142 ,
826 1087 997 1151 τοξοτοος
1009 1110 1054 1140 τε
1064 1125 1077 1144 ,
1091 1111 1169 1139 mn
1183 1111 1292 1140 σιτον
1301 1125 1313 1143 ,
1331 1110 1408 1139 και
1422 1088 1456 1139 οὶ
1467 1110 1612 1160 μετοι-

343 1186 611 1235 πεμπομενοι
636 1157 756 1225 ἦσαν.
785 1159 959 1216 Τενεὸιοι
979 1185 1074 1232 'yae
1093 1162 1198 1221 ὄντες
1224 1166 1364 1223 αὐτοις
1394 1164 1610 1238 διαφοροι,

343 1263 423 1293 ma
402 1238 731 1311 Μηθυμνοοιοι,
760 1262 838 1293 nou
867 1262 1002 1294 οιυτων
1029 1240 1332 1302 Μιτυληναιῖον
1360 1241 1447 1293 ι’ὃίοο
1475 1239 1612 1313 οίνὸρες

345 1408 396 1435 ne
423 1407 447 1434 a
471 1404 685 1435 ceterarum
716 1394 919 1448 copiarum
945 1407 1113 1448 corpore
1138 1394 1292 1447 longius
1317 1392 1501 1447 progreffi
1524 1393 1614 1434 loca

343 1463 562 1504 suburbana
579 1462 784 1504 vastarent.
805 1463 854 1503 Et
870 1463 1016 1504 tamdiu
1035 1463 1290 1512 commorati,
1304 1462 1488 1516 quamdiu
1503 1475 1613 1504 com-

345 1546 496 1574 meatus
516 1532 604 1588 ipfis
630 1531 913 1588 suppeditavit,
942 1532 1103 1574 domum
1125 1532 1343 1583 redierunt,
1367 1533 1410 1574 &
1436 1533 1477 1573 in
1503 1531 1611 1573 suam

345 1605 490 1659 quique
514 1604 710 1645 civitatem
738 1601 776 1643 se
797 1614 1038 1658 receperunt.

400 1672 450 1713 11.
477 1672 567 1714 Post
593 1672 692 1713 hanc
715 1684 844 1714 autem
865 1672 1234 1728 Peloponnesiorum
1261 1674 1515 1730 irruptionem
1541 1672 1613 1714 sta-

346 1741 418 1781 tim
437 1741 604 1793 Lesbus,
627 1753 777 1796 praeter
793 1741 1068 1795 Methymnam
1082 1772 1094 1790 ‚
1118 1741 1166 1782 ab
1188 1741 1487 1783 Atheniensibus
1510 1739 1614 1782 defe-

344 1815 421 1855 cit:
446 1813 660 1855 voluerant
686 1823 818 1854 autem
837 1812 965 1853 Lesbii
987 1813 1141 1867 quidem
1160 1812 1224 1854 vel
1248 1823 1337 1853 ante
1367 1813 1443 1855 hoc
1466 1812 1613 1854 bellum

347 1895 498 1926 motum
516 1883 641 1926 facere
661 1883 913 1926 defefflonem
923 1898 936 1933 3
957 1881 1019 1923 sed
1031 1882 1326 1931 Lacedaemonii
1350 1884 1524 1938 recipere
1543 1895 1614 1924 no-

346 1953 508 1994 luerant.
542 1953 615 1995 Sed
640 1963 735 1995 tunc
757 1953 801 1995 vi
827 1948 1052 1994 neceffitatis
1083 1952 1232 2004 coaffi,
1258 1955 1446 1996 maturius
1459 1984 1472 2005 ,
1493 1966 1612 2008 quam

346 2023 473 2065 secum
504 2024 572 2079 ipfi
598 2022 896 2074 constituerant,
916 2023 1015 2064 hanc
1036 2021 1289 2065 defectionem
1314 2023 1500 2066 fecerunt.
1533 2023 1611 2064 Ex-

346 2095 569 2151 spediabant
591 2096 717 2146 enim,
736 2095 861 2137 donec
883 2106 1019 2150 portus
1039 2095 1246 2149 aggeribus
1263 2095 1381 2138 effent
1404 2094 1585 2137 obstruffi
1597 2124 1611 2144 ‚

348 2167 392 2207 &
406 2179 610 2211 murorum
630 2164 844 2209 aedificium
856 2196 868 2214 ,
885 2164 1123 2219 naviumque
1144 2163 1347 2206 fabricatio
1363 2165 1411 2206 ad
1434 2164 1544 2206 suum
1568 2163 1612 2204 fi-

346 2248 436 2275 nem
461 2233 552 2274 effet
569 2233 773 2288 perdufiia3
791 2234 883 2274 item
906 2233 1030 2276 donec
1049 2247 1099 2274 ex
1121 2233 1253 2275 Ponto
1276 2233 1482 2284 veniffent,
1496 2246 1612 2288 quae-

347 2318 504 2360 cunque
536 2306 673 2347 venire
704 2306 940 2360 oportebat,
968 2303 1172 2358 sagittarii,
1204 2305 1247 2345 &
1276 2303 1536 2352 frumentum,
1569 2302 1611 2343 δι

346 2389 603 2431 quaecunque
631 2375 911 2417 arceffiverant.
948 2374 1112 2416 Tenedii
1137 2375 1240 2415 enim
1254 2405 1267 2424 ,
1293 2376 1362 2428 qui
1387 2373 1474 2429 ipfis
1501 2384 1611 2415 erant

347 2450 517 2500 inimici,
537 2449 579 2490 δι
603 2449 899 2502 Methymnaei,
924 2447 1019 2502 quin
1040 2446 1154 2487 etiam
1175 2446 1329 2501 quidam
1353 2459 1403 2487 ex
1425 2444 1512 2501 ipfis
1534 2445 1610 2485 Mi-

349 2519 538 2574 tylenaeis
561 2519 738 2562 homines
769 2519 940 2573 privati,
963 2517 1102 2572 quibus
1123 2528 1280 2572 propter
1309 2514 1516 2557 sanionem
1539 2529 1612 2570 pu-
