<?xml version="1.0" encoding="UTF-8"?>
<!DOCTYPE html PUBLIC "-//W3C//DTD XHTML 1.0 Transitional//EN"
    "http://www.w3.org/TR/xhtml1/DTD/xhtml1-transitional.dtd">
<html xmlns="http://www.w3.org/1999/xhtml" xml:lang="en" lang="en">
 <head>
  <title>
</title>
<meta http-equiv="Content-Type" content="text/html;charset=utf-8" />
  <meta name='ocr-system' content='tesseract 3.04.00' />
  <meta name='ocr-capabilities' content='ocr_page ocr_carea ocr_par ocr_line ocrx_word'/>
</head>
<body>
  <div class='ocr_page' id='page_1' title='image "./debellopeloponn02thucuoft_0136.png"; bbox 0 0 1734 3158; ppageno 0'>
   <div class='ocr_carea' id='block_1_1' title="bbox 341 167 1329 243">
    <p class='ocr_par' dir='ltr' id='par_1_1' title="bbox 341 167 1329 243">
     <span class='ocr_line' id='line_1_1' title="bbox 341 167 1329 243; baseline -0.001 0"><span class='ocrx_word' id='word_1_1' title='bbox 341 167 443 243; x_wconf 66' lang='grc' dir='ltr'>ἠε</span> <span class='ocrx_word' id='word_1_2' title='bbox 636 192 1329 242; x_wconf 83' lang='lat' dir='ltr'>THUCYDIDIS</span> 
     </span>
    </p>
   </div>
   <div class='ocr_carea' id='block_1_2' title="bbox 347 283 1618 1275">
    <p class='ocr_par' dir='ltr' id='par_1_2' title="bbox 347 283 1618 1275">
     <span class='ocr_line' id='line_1_2' title="bbox 347 283 1618 360; baseline 0.001 -21"><span class='ocrx_word' id='word_1_3' title='bbox 347 285 523 345; x_wconf 65' lang='grc' dir='ltr'>Χοίονες</span> <span class='ocrx_word' id='word_1_4' title='bbox 549 291 707 350; x_wconf 78' lang='grc' dir='ltr'><strong><em>χίλιοι,</em></strong></span> <span class='ocrx_word' id='word_1_5' title='bbox 739 289 1052 350; x_wconf 73' lang='grc' dir='ltr'>ἀβασίλευτοι,</span> <span class='ocrx_word' id='word_1_6' title='bbox 1086 283 1137 340; x_wconf 67' lang='lat' dir='ltr'>Zm</span> <span class='ocrx_word' id='word_1_7' title='bbox 1167 289 1337 353; x_wconf 73' lang='grc' dir='ltr'>ἦγουντο</span> <span class='ocrx_word' id='word_1_8' title='bbox 1369 289 1437 340; x_wconf 67' lang='grc' dir='ltr'>ἔπ’</span> <span class='ocrx_word' id='word_1_9' title='bbox 1469 289 1618 360; x_wconf 70' lang='grc' dir='ltr'><em>ἔτησίῳ</em></span> 
     </span>
     <span class='ocr_line' id='line_1_3' title="bbox 348 361 1618 457; baseline -0.001 -41"><span class='ocrx_word' id='word_1_10' title='bbox 348 366 601 437; x_wconf 71' lang='grc' dir='ltr'>προστασίαι</span> <span class='ocrx_word' id='word_1_11' title='bbox 621 366 734 433; x_wconf 73' lang='grc' dir='ltr'>[ἐκ]</span> <span class='ocrx_word' id='word_1_12' title='bbox 759 365 830 416; x_wconf 74' lang='grc' dir='ltr'>τοῦ</span> <span class='ocrx_word' id='word_1_13' title='bbox 855 365 1035 457; x_wconf 67' lang='grc' dir='ltr'>ἀρχικοῦ</span> <span class='ocrx_word' id='word_1_14' title='bbox 1064 361 1204 430; x_wconf 65' lang='grc' dir='ltr'><em>γένους</em></span> <span class='ocrx_word' id='word_1_15' title='bbox 1234 364 1399 423; x_wconf 78' lang='grc' dir='ltr'>Φωτιος</span> <span class='ocrx_word' id='word_1_16' title='bbox 1422 387 1500 416; x_wconf 90' lang='grc' dir='ltr'>και</span> <span class='ocrx_word' id='word_1_17' title='bbox 1528 366 1618 416; x_wconf 88' lang='grc' dir='ltr'>Νι-</span> 
     </span>
     <span class='ocr_line' id='line_1_4' title="bbox 348 431 1618 529; baseline -0.001 -36"><span class='ocrx_word' id='word_1_18' title='bbox 348 440 504 508; x_wconf 70' lang='grc' dir='ltr'><em>κάνωρ.</em></span> <span class='ocrx_word' id='word_1_19' title='bbox 525 437 809 513; x_wconf 68' lang='grc' dir='ltr'>ἐστρατεύοντο</span> <span class='ocrx_word' id='word_1_20' title='bbox 835 431 881 491; x_wconf 74' lang='grc' dir='ltr'>δε</span> <span class='ocrx_word' id='word_1_21' title='bbox 903 463 1022 529; x_wconf 79' lang='grc' dir='ltr'><em>μετα</em></span> <span class='ocrx_word' id='word_1_22' title='bbox 1047 440 1228 493; x_wconf 84' lang='grc' dir='ltr'><em>Χαονων</em></span> <span class='ocrx_word' id='word_1_23' title='bbox 1255 463 1332 493; x_wconf 87' lang='grc' dir='ltr'>και</span> <span class='ocrx_word' id='word_1_24' title='bbox 1359 438 1618 514; x_wconf 77' lang='grc' dir='ltr'>Θεσπρωτοι</span> 
     </span>
     <span class='ocr_line' id='line_1_5' title="bbox 349 508 1616 582; baseline 0 -14"><span class='ocrx_word' id='word_1_25' title='bbox 349 517 656 578; x_wconf 71' lang='grc' dir='ltr'>ἀβασίλευτοι.</span> <span class='ocrx_word' id='word_1_26' title='bbox 683 515 949 574; x_wconf 76' lang='grc' dir='ltr'>Μολοσσους</span> <span class='ocrx_word' id='word_1_27' title='bbox 971 508 1016 568; x_wconf 70' lang='grc' dir='ltr'>δε</span> <span class='ocrx_word' id='word_1_28' title='bbox 1038 512 1117 582; x_wconf 72' lang='grc' dir='ltr'>ἦγε</span> <span class='ocrx_word' id='word_1_29' title='bbox 1139 540 1218 568; x_wconf 80' lang='grc' dir='ltr'>και</span> <span class='ocrx_word' id='word_1_30' title='bbox 1245 517 1489 575; x_wconf 73' lang='grc' dir='ltr'><em>Ἀντιτοὶνας</em></span> <span class='ocrx_word' id='word_1_31' title='bbox 1510 517 1616 569; x_wconf 79' lang='grc' dir='ltr'><em>Σα-</em></span> 
     </span>
     <span class='ocr_line' id='line_1_6' title="bbox 349 583 1618 665; baseline 0.001 -22"><span class='ocrx_word' id='word_1_32' title='bbox 349 590 606 655; x_wconf 72' lang='grc' dir='ltr'>βύλινθος,’</span> <span class='ocrx_word' id='word_1_33' title='bbox 596 598 812 665; x_wconf 74' lang='grc' dir='ltr'>επίτροπος</span> <span class='ocrx_word' id='word_1_34' title='bbox 838 583 890 644; x_wconf 74' lang='grc' dir='ltr'>ἑον</span> <span class='ocrx_word' id='word_1_35' title='bbox 916 592 1127 665; x_wconf 70' lang='grc' dir='ltr'><em>Θαρυπος</em></span> <span class='ocrx_word' id='word_1_36' title='bbox 1160 593 1229 645; x_wconf 81' lang='grc' dir='ltr'>τοῧ</span> <span class='ocrx_word' id='word_1_37' title='bbox 1265 589 1494 654; x_wconf 66' lang='grc' dir='ltr'><em>βασιλέως</em></span> <span class='ocrx_word' id='word_1_38' title='bbox 1512 630 1524 647; x_wconf 91' lang='grc'>,</span> <span class='ocrx_word' id='word_1_39' title='bbox 1558 589 1618 645; x_wconf 73' lang='grc' dir='ltr'>ἔτι</span> 
     </span>
     <span class='ocr_line' id='line_1_7' title="bbox 348 659 1615 748; baseline 0.001 -28"><span class='ocrx_word' id='word_1_40' title='bbox 348 663 552 726; x_wconf 56' lang='grc' dir='ltr'>παιδος’”</span> <span class='ocrx_word' id='word_1_41' title='bbox 525 682 642 726; x_wconf 78' lang='grc' dir='ltr'>οντος</span> <span class='ocrx_word' id='word_1_42' title='bbox 669 691 746 720; x_wconf 85' lang='grc' dir='ltr'>και</span> <span class='ocrx_word' id='word_1_43' title='bbox 770 668 1054 748; x_wconf 85' lang='grc' dir='ltr'><em>Παραυαίους</em></span> <span class='ocrx_word' id='word_1_44' title='bbox 1069 659 1285 741; x_wconf 50' lang='grc' dir='ltr'>ΙΟροιὸος,</span> <span class='ocrx_word' id='word_1_45' title='bbox 1312 665 1583 731; x_wconf 77' lang='grc' dir='ltr'><em>βασιλευς</em></span> <span class='ocrx_word' id='word_1_46' title='bbox 1547 691 1615 721; x_wconf 85' lang='grc' dir='ltr'>ων.</span> 
     </span>
     <span class='ocr_line' id='line_1_8' title="bbox 350 740 1617 817; baseline -0.002 -19.976"><span class='ocrx_word' id='word_1_47' title='bbox 350 741 562 817; x_wconf 68' lang='grc' dir='ltr'><em>Ορέσται</em></span> <span class='ocrx_word' id='word_1_48' title='bbox 588 740 634 796; x_wconf 64' lang='grc' dir='ltr'>δε</span> <span class='ocrx_word' id='word_1_49' title='bbox 668 750 829 807; x_wconf 81' lang='grc' dir='ltr'><strong><em>χίλιοι,</em></strong></span> <span class='ocrx_word' id='word_1_50' title='bbox 862 768 914 797; x_wconf 83' lang='grc' dir='ltr'>ων</span> <span class='ocrx_word' id='word_1_51' title='bbox 946 746 1197 806; x_wconf 68' lang='grc' dir='ltr'><em>ἐβασίλευεν</em></span> <span class='ocrx_word' id='word_1_52' title='bbox 1229 746 1464 808; x_wconf 78' lang='grc' dir='ltr'>Ἀντίοχος,</span> <span class='ocrx_word' id='word_1_53' title='bbox 1496 766 1617 815; x_wconf 78' lang='grc' dir='ltr'><em>μετα</em></span> 
     </span>
     <span class='ocr_line' id='line_1_9' title="bbox 349 817 1617 916; baseline -0.002 -43"><span class='ocrx_word' id='word_1_54' title='bbox 349 821 621 892; x_wconf 67' lang='grc' dir='ltr'><em>Παραυαίαν</em></span> <span class='ocrx_word' id='word_1_55' title='bbox 622 817 1009 916; x_wconf 75' lang='grc' dir='ltr'><em>ξυνεστρατεῦοντο</em></span> <span class='ocrx_word' id='word_1_56' title='bbox 1039 819 1241 892; x_wconf 64' lang='grc' dir='ltr'>Ὀροίὸῳ,</span> <span class='ocrx_word' id='word_1_57' title='bbox 1273 821 1532 884; x_wconf 78' lang='grc' dir='ltr'>Ἀντιὸχου’</span> <span class='ocrx_word' id='word_1_58' title='bbox 1521 842 1617 871; x_wconf 74' lang='grc' dir='ltr'><strong><em>επι-</em></strong></span> 
     </span>
     <span class='ocr_line' id='line_1_10' title="bbox 350 887 1617 988; baseline -0.002 -39"><span class='ocrx_word' id='word_1_59' title='bbox 350 893 592 969; x_wconf 68' lang='grc' dir='ltr'><em>τρέψαντος.</em></span> <span class='ocrx_word' id='word_1_60' title='bbox 613 892 791 967; x_wconf 64' lang='grc' dir='ltr'>ἔπεμψε</span> <span class='ocrx_word' id='word_1_61' title='bbox 810 887 853 946; x_wconf 64' lang='grc' dir='ltr'>δε</span> <span class='ocrx_word' id='word_1_62' title='bbox 873 918 949 947; x_wconf 90' lang='grc' dir='ltr'>και</span> <span class='ocrx_word' id='word_1_63' title='bbox 927 893 1213 988; x_wconf 63' lang='grc' dir='ltr'><em>Περδίκκας</em></span> <span class='ocrx_word' id='word_1_64' title='bbox 1230 894 1382 978; x_wconf 66' lang='grc' dir='ltr'><em>κρύφα</em></span> <span class='ocrx_word' id='word_1_65' title='bbox 1399 921 1478 949; x_wconf 84' lang='grc' dir='ltr'>των</span> <span class='ocrx_word' id='word_1_66' title='bbox 1494 895 1617 956; x_wconf 79' lang='grc' dir='ltr'>Ἀθη-</span> 
     </span>
     <span class='ocr_line' id='line_1_11' title="bbox 350 969 1618 1045; baseline -0.002 -20"><span class='ocrx_word' id='word_1_67' title='bbox 350 978 472 1026; x_wconf 83' lang='grc' dir='ltr'><em>ναίων</em></span> <span class='ocrx_word' id='word_1_68' title='bbox 498 977 666 1037; x_wconf 82' lang='grc' dir='ltr'><strong><em>χιλίους</em></strong></span> <span class='ocrx_word' id='word_1_69' title='bbox 691 971 1027 1028; x_wconf 64' lang='grc' dir='ltr'><em>Μακεδόνων,</em></span> <span class='ocrx_word' id='word_1_70' title='bbox 995 982 1025 1023; x_wconf 82' lang='grc' dir='ltr'>ὀι</span> <span class='ocrx_word' id='word_1_71' title='bbox 1054 969 1215 1045; x_wconf 76' lang='grc' dir='ltr'>ὕστερον</span> <span class='ocrx_word' id='word_1_72' title='bbox 1237 975 1368 1034; x_wconf 75' lang='grc' dir='ltr'>ἦλθον.</span> <span class='ocrx_word' id='word_1_73' title='bbox 1397 970 1530 1042; x_wconf 73' lang='grc' dir='ltr'>τούτῳ</span> <span class='ocrx_word' id='word_1_74' title='bbox 1554 972 1618 1044; x_wconf 79' lang='grc' dir='ltr'><em>τῷ</em></span> 
     </span>
     <span class='ocr_line' id='line_1_12' title="bbox 351 1045 1617 1122; baseline -0.003 -19"><span class='ocrx_word' id='word_1_75' title='bbox 351 1049 524 1122; x_wconf 70' lang='grc' dir='ltr'><em>στρατῷ</em></span> <span class='ocrx_word' id='word_1_76' title='bbox 545 1045 751 1121; x_wconf 72' lang='grc' dir='ltr'>ἐπορεύετο</span> <span class='ocrx_word' id='word_1_77' title='bbox 771 1047 961 1120; x_wconf 75' lang='grc' dir='ltr'>Κνημος,</span> <span class='ocrx_word' id='word_1_78' title='bbox 981 1051 1026 1100; x_wconf 83' lang='grc' dir='ltr'>οὐ</span> <span class='ocrx_word' id='word_1_79' title='bbox 1041 1052 1280 1122; x_wconf 75' lang='grc' dir='ltr'>περιμείνας</span> <span class='ocrx_word' id='word_1_80' title='bbox 1297 1072 1343 1101; x_wconf 86' lang='grc' dir='ltr'>το</span> <span class='ocrx_word' id='word_1_81' title='bbox 1362 1045 1454 1100; x_wconf 78' lang='grc' dir='ltr'>απο</span> <span class='ocrx_word' id='word_1_82' title='bbox 1473 1048 1617 1121; x_wconf 83' lang='grc' dir='ltr'><em>Κορίν-</em></span> 
     </span>
     <span class='ocr_line' id='line_1_13' title="bbox 353 1121 1616 1198; baseline -0.002 -20"><span class='ocrx_word' id='word_1_83' title='bbox 353 1129 420 1178; x_wconf 81' lang='grc' dir='ltr'>θου</span> <span class='ocrx_word' id='word_1_84' title='bbox 447 1139 643 1178; x_wconf 81' lang='grc' dir='ltr'>ναυτικον</span> <span class='ocrx_word' id='word_1_85' title='bbox 672 1147 749 1176; x_wconf 89' lang='grc' dir='ltr'>και</span> <span class='ocrx_word' id='word_1_86' title='bbox 779 1121 849 1176; x_wconf 61' lang='grc' dir='ltr'>δὶα</span> <span class='ocrx_word' id='word_1_87' title='bbox 881 1148 952 1186; x_wconf 84' lang='grc' dir='ltr'>της</span> <span class='ocrx_word' id='word_1_88' title='bbox 983 1125 1184 1198; x_wconf 77' lang='grc' dir='ltr'><em>Ἀργείας</em></span> <span class='ocrx_word' id='word_1_89' title='bbox 1218 1124 1360 1183; x_wconf 82' lang='grc' dir='ltr'>ἱοντες,</span> <span class='ocrx_word' id='word_1_90' title='bbox 1393 1125 1616 1195; x_wconf 77' lang='grc' dir='ltr'><em>Λιμναίαν</em></span> 
     </span>
     <span class='ocr_line' id='line_1_14' title="bbox 352 1197 1617 1275; baseline -0.002 -21"><span class='ocrx_word' id='word_1_91' title='bbox 352 1225 498 1271; x_wconf 78' lang='grc' dir='ltr'><em>κωμην</em></span> <span class='ocrx_word' id='word_1_92' title='bbox 513 1205 754 1263; x_wconf 72' lang='grc' dir='ltr'>ἀτείχιστον</span> <span class='ocrx_word' id='word_1_93' title='bbox 769 1200 1007 1275; x_wconf 75' lang='grc' dir='ltr'><em>ἐπορθηο-αν.</em></span> <span class='ocrx_word' id='word_1_94' title='bbox 1025 1200 1308 1264; x_wconf 71' lang='grc' dir='ltr'><em>αφικνουνταί</em></span> <span class='ocrx_word' id='word_1_95' title='bbox 1318 1223 1362 1252; x_wconf 84' lang='grc' dir='ltr'>τε</span> <span class='ocrx_word' id='word_1_96' title='bbox 1379 1202 1449 1252; x_wconf 73' lang='grc' dir='ltr'>ἐπ-ι</span> <span class='ocrx_word' id='word_1_97' title='bbox 1428 1197 1617 1272; x_wconf 66' lang='grc' dir='ltr'>Στροῖ-</span> 
     </span>
    </p>
   </div>
   <div class='ocr_carea' id='block_1_3' title="bbox 351 1275 1649 1352">
    <p class='ocr_par' dir='ltr' id='par_1_3' title="bbox 351 1275 1649 1352">
     <span class='ocr_line' id='line_1_15' title="bbox 351 1275 1649 1352; baseline -0.002 -21"><span class='ocrx_word' id='word_1_98' title='bbox 351 1301 416 1332; x_wconf 84' lang='grc' dir='ltr'>τον</span> <span class='ocrx_word' id='word_1_99' title='bbox 429 1315 441 1334; x_wconf 89' lang='grc'>,</span> <span class='ocrx_word' id='word_1_100' title='bbox 469 1275 595 1330; x_wconf 79' lang='grc' dir='ltr'>πολιν</span> <span class='ocrx_word' id='word_1_101' title='bbox 625 1283 835 1349; x_wconf 73' lang='grc' dir='ltr'><em>μεγίστην</em></span> <span class='ocrx_word' id='word_1_102' title='bbox 865 1301 937 1339; x_wconf 81' lang='grc' dir='ltr'>της</span> <span class='ocrx_word' id='word_1_103' title='bbox 967 1276 1270 1352; x_wconf 78' lang='grc' dir='ltr'><em>Ἀκαρνανίας,</em></span> <span class='ocrx_word' id='word_1_104' title='bbox 1307 1279 1547 1347; x_wconf 72' lang='grc' dir='ltr'>νομίζοντες,</span> <span class='ocrx_word' id='word_1_105' title='bbox 1581 1284 1616 1329; x_wconf 76' lang='grc' dir='ltr'>εἰ</span> <span class='ocrx_word' id='word_1_106' title='bbox 1646 1344 1649 1345; x_wconf 16' lang='lat'><em>⁷</em></span> 
     </span>
    </p>
   </div>
   <div class='ocr_carea' id='block_1_4' title="bbox 341 1429 1618 2536">
    <p class='ocr_par' dir='ltr' id='par_1_4' title="bbox 341 1429 1618 2536">
     <span class='ocr_line' id='line_1_16' title="bbox 345 1429 1617 1487; baseline 0.002 -15"><span class='ocrx_word' id='word_1_107' title='bbox 345 1430 588 1486; x_wconf 79' lang='lat' dir='ltr'>loponnesii,</span> <span class='ocrx_word' id='word_1_108' title='bbox 611 1444 713 1486; x_wconf 94' lang='lat' dir='ltr'>quos</span> <span class='ocrx_word' id='word_1_109' title='bbox 739 1430 819 1487; x_wconf 88' lang='lat' dir='ltr'>ipse</span> <span class='ocrx_word' id='word_1_110' title='bbox 845 1429 973 1473; x_wconf 89' lang='lat' dir='ltr'>secum</span> <span class='ocrx_word' id='word_1_111' title='bbox 1000 1431 1180 1473; x_wconf 89' lang='lat' dir='ltr'>ducebat.</span> <span class='ocrx_word' id='word_1_112' title='bbox 1207 1432 1267 1473; x_wconf 81' lang='lat' dir='ltr'>Ex</span> <span class='ocrx_word' id='word_1_113' title='bbox 1293 1431 1466 1472; x_wconf 90' lang='lat' dir='ltr'>barbaris</span> <span class='ocrx_word' id='word_1_114' title='bbox 1487 1445 1588 1474; x_wconf 89' lang='lat' dir='ltr'>vero</span> <span class='ocrx_word' id='word_1_115' title='bbox 1601 1462 1617 1483; x_wconf 89' lang='lat'><em>‚</em></span> 
     </span>
     <span class='ocr_line' id='line_1_17' title="bbox 346 1497 1617 1555; baseline 0.002 -16"><span class='ocrx_word' id='word_1_116' title='bbox 346 1498 454 1539; x_wconf 88' lang='lat' dir='ltr'>mille</span> <span class='ocrx_word' id='word_1_117' title='bbox 475 1497 683 1548; x_wconf 89' lang='lat' dir='ltr'>Chaones,</span> <span class='ocrx_word' id='word_1_118' title='bbox 701 1498 770 1552; x_wconf 93' lang='lat' dir='ltr'>qui</span> <span class='ocrx_word' id='word_1_119' title='bbox 793 1498 902 1551; x_wconf 82' lang='lat' dir='ltr'>regio</span> <span class='ocrx_word' id='word_1_120' title='bbox 924 1498 1130 1539; x_wconf 89' lang='lat' dir='ltr'>dominatu</span> <span class='ocrx_word' id='word_1_121' title='bbox 1149 1511 1231 1541; x_wconf 87' lang='lat' dir='ltr'>non</span> <span class='ocrx_word' id='word_1_122' title='bbox 1249 1499 1482 1553; x_wconf 83' lang='lat' dir='ltr'>regebantur</span> <span class='ocrx_word' id='word_1_123' title='bbox 1496 1531 1509 1550; x_wconf 94' lang='lat'>‚</span> <span class='ocrx_word' id='word_1_124' title='bbox 1531 1500 1617 1555; x_wconf 89' lang='lat' dir='ltr'>qui-</span> 
     </span>
     <span class='ocr_line' id='line_1_18' title="bbox 346 1567 1617 1623; baseline 0.002 -15"><span class='ocrx_word' id='word_1_125' title='bbox 346 1567 422 1608; x_wconf 89' lang='lat' dir='ltr'>bus</span> <span class='ocrx_word' id='word_1_126' title='bbox 448 1578 651 1623; x_wconf 86' lang='lat' dir='ltr'>praeerant</span> <span class='ocrx_word' id='word_1_127' title='bbox 683 1581 857 1609; x_wconf 87' lang='lat' dir='ltr'>annuum</span> <span class='ocrx_word' id='word_1_128' title='bbox 886 1567 1152 1622; x_wconf 81' lang='lat' dir='ltr'>magistrarum</span> <span class='ocrx_word' id='word_1_129' title='bbox 1182 1579 1358 1623; x_wconf 88' lang='lat' dir='ltr'>gerentes</span> <span class='ocrx_word' id='word_1_130' title='bbox 1384 1568 1546 1616; x_wconf 86' lang='lat' dir='ltr'>Photius</span> <span class='ocrx_word' id='word_1_131' title='bbox 1573 1570 1617 1611; x_wconf 76' lang='grc' dir='ltr'>δι</span> 
     </span>
     <span class='ocr_line' id='line_1_19' title="bbox 345 1635 1618 1697; baseline 0.004 -19"><span class='ocrx_word' id='word_1_132' title='bbox 345 1635 544 1688; x_wconf 87' lang='lat' dir='ltr'>Nicanor,</span> <span class='ocrx_word' id='word_1_133' title='bbox 573 1651 623 1679; x_wconf 84' lang='lat' dir='ltr'>ex</span> <span class='ocrx_word' id='word_1_134' title='bbox 650 1637 793 1678; x_wconf 84' lang='lat' dir='ltr'>familia</span> <span class='ocrx_word' id='word_1_135' title='bbox 806 1668 818 1687; x_wconf 88' lang='lat'>‚</span> <span class='ocrx_word' id='word_1_136' title='bbox 848 1640 913 1680; x_wconf 92' lang='lat' dir='ltr'>cui</span> <span class='ocrx_word' id='word_1_137' title='bbox 941 1639 991 1679; x_wconf 92' lang='lat' dir='ltr'>ad</span> <span class='ocrx_word' id='word_1_138' title='bbox 1022 1639 1266 1694; x_wconf 84' lang='lat' dir='ltr'>magistratus</span> <span class='ocrx_word' id='word_1_139' title='bbox 1298 1641 1453 1697; x_wconf 88' lang='lat' dir='ltr'>patebat</span> <span class='ocrx_word' id='word_1_140' title='bbox 1481 1642 1618 1683; x_wconf 87' lang='lat' dir='ltr'>aditus.</span> 
     </span>
     <span class='ocr_line' id='line_1_20' title="bbox 345 1707 1616 1765; baseline 0.001 -16"><span class='ocrx_word' id='word_1_141' title='bbox 345 1707 450 1749; x_wconf 87' lang='lat' dir='ltr'>Cum</span> <span class='ocrx_word' id='word_1_142' title='bbox 472 1707 700 1749; x_wconf 85' lang='lat' dir='ltr'>Chaonibus</span> <span class='ocrx_word' id='word_1_143' title='bbox 723 1721 824 1749; x_wconf 90' lang='lat' dir='ltr'>vero</span> <span class='ocrx_word' id='word_1_144' title='bbox 844 1707 1057 1748; x_wconf 85' lang='lat' dir='ltr'>militabant</span> <span class='ocrx_word' id='word_1_145' title='bbox 1078 1709 1121 1750; x_wconf 84' lang='lat'>&amp;</span> <span class='ocrx_word' id='word_1_146' title='bbox 1142 1709 1371 1764; x_wconf 85' lang='lat' dir='ltr'>Thesproti,</span> <span class='ocrx_word' id='word_1_147' title='bbox 1393 1711 1460 1765; x_wconf 90' lang='lat' dir='ltr'>qui</span> <span class='ocrx_word' id='word_1_148' title='bbox 1485 1710 1528 1751; x_wconf 75' lang='grc' dir='ltr'>δι</span> <span class='ocrx_word' id='word_1_149' title='bbox 1545 1709 1616 1765; x_wconf 86' lang='lat' dir='ltr'>ipfi</span> 
     </span>
     <span class='ocr_line' id='line_1_21' title="bbox 345 1775 1616 1830; baseline 0.002 -14"><span class='ocrx_word' id='word_1_150' title='bbox 345 1776 546 1817; x_wconf 90' lang='lat' dir='ltr'>dominatu</span> <span class='ocrx_word' id='word_1_151' title='bbox 569 1777 677 1830; x_wconf 87' lang='lat' dir='ltr'>regio</span> <span class='ocrx_word' id='word_1_152' title='bbox 699 1789 782 1817; x_wconf 92' lang='lat' dir='ltr'>non</span> <span class='ocrx_word' id='word_1_153' title='bbox 803 1775 1133 1830; x_wconf 86' lang='lat' dir='ltr'>gubernabantur.</span> <span class='ocrx_word' id='word_1_154' title='bbox 1165 1776 1360 1819; x_wconf 82' lang='lat' dir='ltr'>Moloffos</span> <span class='ocrx_word' id='word_1_155' title='bbox 1379 1790 1479 1819; x_wconf 90' lang='lat' dir='ltr'>vero</span> <span class='ocrx_word' id='word_1_156' title='bbox 1499 1777 1616 1819; x_wconf 89' lang='lat' dir='ltr'>duce-</span> 
     </span>
     <span class='ocr_line' id='line_1_22' title="bbox 341 1845 1617 1904; baseline 0.002 -16"><span class='ocrx_word' id='word_1_157' title='bbox 341 1848 414 1888; x_wconf 83' lang='lat' dir='ltr'>bat</span> <span class='ocrx_word' id='word_1_158' title='bbox 433 1848 475 1888; x_wconf 89' lang='lat'>&amp;</span> <span class='ocrx_word' id='word_1_159' title='bbox 494 1847 698 1888; x_wconf 84' lang='lat' dir='ltr'>Antitanas</span> <span class='ocrx_word' id='word_1_160' title='bbox 711 1845 982 1899; x_wconf 88' lang='lat' dir='ltr'>Sabylinthus,</span> <span class='ocrx_word' id='word_1_161' title='bbox 1005 1846 1206 1903; x_wconf 86' lang='lat' dir='ltr'>Tharypis</span> <span class='ocrx_word' id='word_1_162' title='bbox 1223 1848 1323 1901; x_wconf 84' lang='lat' dir='ltr'>regis</span> <span class='ocrx_word' id='word_1_163' title='bbox 1339 1848 1463 1889; x_wconf 88' lang='lat' dir='ltr'>adhuc</span> <span class='ocrx_word' id='word_1_164' title='bbox 1481 1848 1617 1904; x_wconf 88' lang='lat' dir='ltr'>pupilli</span> 
     </span>
     <span class='ocr_line' id='line_1_23' title="bbox 343 1915 1614 1971; baseline 0.003 -15"><span class='ocrx_word' id='word_1_165' title='bbox 343 1915 502 1957; x_wconf 88' lang='lat' dir='ltr'>tutelam</span> <span class='ocrx_word' id='word_1_166' title='bbox 525 1930 684 1971; x_wconf 86' lang='lat' dir='ltr'>gerens:</span> <span class='ocrx_word' id='word_1_167' title='bbox 715 1917 757 1958; x_wconf 90' lang='lat'>&amp;</span> <span class='ocrx_word' id='word_1_168' title='bbox 775 1916 1016 1968; x_wconf 84' lang='lat' dir='ltr'>Parauaeos,</span> <span class='ocrx_word' id='word_1_169' title='bbox 1036 1917 1219 1960; x_wconf 86' lang='lat' dir='ltr'>Oroedus</span> <span class='ocrx_word' id='word_1_170' title='bbox 1250 1931 1330 1960; x_wconf 81' lang='lat' dir='ltr'>rex,</span> <span class='ocrx_word' id='word_1_171' title='bbox 1359 1917 1469 1959; x_wconf 89' lang='lat' dir='ltr'>Mille</span> <span class='ocrx_word' id='word_1_172' title='bbox 1496 1920 1614 1960; x_wconf 87' lang='lat' dir='ltr'>etiam</span> 
     </span>
     <span class='ocr_line' id='line_1_24' title="bbox 344 1983 1615 2042; baseline 0.003 -17"><span class='ocrx_word' id='word_1_173' title='bbox 344 1983 530 2035; x_wconf 88' lang='lat' dir='ltr'>Orestae,</span> <span class='ocrx_word' id='word_1_174' title='bbox 554 1985 735 2040; x_wconf 82' lang='lat' dir='ltr'>permifl&#39;u</span> <span class='ocrx_word' id='word_1_175' title='bbox 760 1985 969 2035; x_wconf 85' lang='lat' dir='ltr'>Antiochi,</span> <span class='ocrx_word' id='word_1_176' title='bbox 1002 1987 1069 2040; x_wconf 91' lang='lat' dir='ltr'>qui</span> <span class='ocrx_word' id='word_1_177' title='bbox 1098 2000 1170 2028; x_wconf 82' lang='lat' dir='ltr'>rex</span> <span class='ocrx_word' id='word_1_178' title='bbox 1195 1985 1368 2042; x_wconf 88' lang='lat' dir='ltr'>ipsorum</span> <span class='ocrx_word' id='word_1_179' title='bbox 1393 1997 1500 2038; x_wconf 88' lang='lat' dir='ltr'>erat,</span> <span class='ocrx_word' id='word_1_180' title='bbox 1521 2001 1615 2029; x_wconf 90' lang='lat' dir='ltr'>cum</span> 
     </span>
     <span class='ocr_line' id='line_1_25' title="bbox 341 2054 1612 2113; baseline 0.003 -17"><span class='ocrx_word' id='word_1_181' title='bbox 341 2054 543 2097; x_wconf 87' lang='lat' dir='ltr'>Parauaeis</span> <span class='ocrx_word' id='word_1_182' title='bbox 564 2058 607 2097; x_wconf 72' lang='grc' dir='ltr'>δι</span> <span class='ocrx_word' id='word_1_183' title='bbox 623 2057 787 2098; x_wconf 88' lang='lat' dir='ltr'>Oroedo</span> <span class='ocrx_word' id='word_1_184' title='bbox 807 2057 857 2097; x_wconf 88' lang='lat' dir='ltr'>ad</span> <span class='ocrx_word' id='word_1_185' title='bbox 879 2058 1040 2098; x_wconf 87' lang='lat' dir='ltr'>eandem</span> <span class='ocrx_word' id='word_1_186' title='bbox 1061 2058 1237 2098; x_wconf 87' lang='lat' dir='ltr'>militiam</span> <span class='ocrx_word' id='word_1_187' title='bbox 1259 2056 1612 2113; x_wconf 86' lang='lat' dir='ltr'>proficiscebantur.</span> 
     </span>
     <span class='ocr_line' id='line_1_26' title="bbox 342 2127 1614 2180; baseline 0.002 -12"><span class='ocrx_word' id='word_1_188' title='bbox 342 2127 540 2168; x_wconf 84' lang='lat' dir='ltr'>Perdiccas</span> <span class='ocrx_word' id='word_1_189' title='bbox 557 2129 672 2168; x_wconf 85' lang='lat' dir='ltr'>etiam</span> <span class='ocrx_word' id='word_1_190' title='bbox 692 2128 791 2169; x_wconf 88' lang='lat' dir='ltr'>clam</span> <span class='ocrx_word' id='word_1_191' title='bbox 803 2127 1102 2170; x_wconf 70' lang='lat' dir='ltr'>Atheniensibus</span> <span class='ocrx_word' id='word_1_192' title='bbox 1121 2128 1222 2169; x_wconf 88' lang='lat' dir='ltr'>mille</span> <span class='ocrx_word' id='word_1_193' title='bbox 1237 2127 1473 2169; x_wconf 85' lang='lat' dir='ltr'>Macedonas</span> <span class='ocrx_word' id='word_1_194' title='bbox 1491 2128 1614 2180; x_wconf 86' lang='lat' dir='ltr'>mifit‚</span> 
     </span>
     <span class='ocr_line' id='line_1_27' title="bbox 344 2198 1614 2255; baseline 0.001 -16"><span class='ocrx_word' id='word_1_195' title='bbox 344 2199 413 2254; x_wconf 91' lang='lat' dir='ltr'>qui</span> <span class='ocrx_word' id='word_1_196' title='bbox 432 2199 566 2255; x_wconf 87' lang='lat' dir='ltr'>postea</span> <span class='ocrx_word' id='word_1_197' title='bbox 587 2198 906 2254; x_wconf 87' lang='lat' dir='ltr'>supervenerunt.</span> <span class='ocrx_word' id='word_1_198' title='bbox 929 2200 1032 2240; x_wconf 89' lang='lat' dir='ltr'>Cum</span> <span class='ocrx_word' id='word_1_199' title='bbox 1048 2200 1124 2241; x_wconf 92' lang='lat' dir='ltr'>hoc</span> <span class='ocrx_word' id='word_1_200' title='bbox 1139 2200 1311 2242; x_wconf 85' lang='lat' dir='ltr'>exercitu</span> <span class='ocrx_word' id='word_1_201' title='bbox 1324 2198 1516 2248; x_wconf 69' lang='lat' dir='ltr'>eamus,</span> <span class='ocrx_word' id='word_1_202' title='bbox 1531 2212 1614 2241; x_wconf 90' lang='lat' dir='ltr'>non</span> 
     </span>
     <span class='ocr_line' id='line_1_28' title="bbox 343 2268 1615 2325; baseline 0.002 -15"><span class='ocrx_word' id='word_1_203' title='bbox 343 2268 559 2324; x_wconf 59' lang='lat' dir='ltr'>exspectata</span> <span class='ocrx_word' id='word_1_204' title='bbox 581 2270 876 2311; x_wconf 88' lang='lat' dir='ltr'>Corinthiorum</span> <span class='ocrx_word' id='word_1_205' title='bbox 897 2268 1033 2320; x_wconf 85' lang='lat' dir='ltr'>claffe,</span> <span class='ocrx_word' id='word_1_206' title='bbox 1047 2269 1224 2320; x_wconf 81' lang='lat' dir='ltr'>disceffit3</span> <span class='ocrx_word' id='word_1_207' title='bbox 1248 2271 1289 2312; x_wconf 88' lang='lat'>&amp;</span> <span class='ocrx_word' id='word_1_208' title='bbox 1305 2283 1376 2325; x_wconf 90' lang='lat' dir='ltr'>per</span> <span class='ocrx_word' id='word_1_209' title='bbox 1388 2283 1525 2324; x_wconf 86' lang='lat' dir='ltr'>agrum</span> <span class='ocrx_word' id='word_1_210' title='bbox 1536 2270 1615 2312; x_wconf 81' lang='lat' dir='ltr'>Ar-</span> 
     </span>
     <span class='ocr_line' id='line_1_29' title="bbox 346 2339 1614 2396; baseline -0.001 -14"><span class='ocrx_word' id='word_1_211' title='bbox 346 2340 482 2396; x_wconf 85' lang='lat' dir='ltr'>givum</span> <span class='ocrx_word' id='word_1_212' title='bbox 515 2340 586 2381; x_wconf 87' lang='lat' dir='ltr'>iter</span> <span class='ocrx_word' id='word_1_213' title='bbox 618 2339 798 2381; x_wconf 86' lang='lat' dir='ltr'>facientes</span> <span class='ocrx_word' id='word_1_214' title='bbox 817 2371 830 2391; x_wconf 90' lang='lat'>‚</span> <span class='ocrx_word' id='word_1_215' title='bbox 863 2340 1083 2381; x_wconf 87' lang='lat' dir='ltr'>Limnaeam</span> <span class='ocrx_word' id='word_1_216' title='bbox 1116 2353 1258 2394; x_wconf 87' lang='lat' dir='ltr'>pagum</span> <span class='ocrx_word' id='word_1_217' title='bbox 1294 2339 1409 2380; x_wconf 84' lang='lat' dir='ltr'>nullis</span> <span class='ocrx_word' id='word_1_218' title='bbox 1441 2339 1614 2381; x_wconf 61' lang='lat' dir='ltr'>cinctum</span> 
     </span>
     <span class='ocr_line' id='line_1_30' title="bbox 346 2409 1614 2465; baseline -0.002 -13"><span class='ocrx_word' id='word_1_219' title='bbox 346 2411 471 2454; x_wconf 85' lang='lat' dir='ltr'>muris</span> <span class='ocrx_word' id='word_1_220' title='bbox 491 2410 742 2465; x_wconf 88' lang='lat' dir='ltr'>diripuerunt.</span> <span class='ocrx_word' id='word_1_221' title='bbox 764 2409 814 2450; x_wconf 89' lang='lat' dir='ltr'>Et</span> <span class='ocrx_word' id='word_1_222' title='bbox 836 2409 884 2450; x_wconf 92' lang='lat' dir='ltr'>ad</span> <span class='ocrx_word' id='word_1_223' title='bbox 905 2409 1075 2450; x_wconf 86' lang='lat' dir='ltr'>Stratum</span> <span class='ocrx_word' id='word_1_224' title='bbox 1095 2419 1384 2464; x_wconf 85' lang='lat' dir='ltr'>pervenerunt,</span> <span class='ocrx_word' id='word_1_225' title='bbox 1402 2410 1614 2450; x_wconf 85' lang='lat' dir='ltr'>maximam</span> 
     </span>
     <span class='ocr_line' id='line_1_31' title="bbox 346 2476 1614 2536; baseline -0.002 -14"><span class='ocrx_word' id='word_1_226' title='bbox 346 2478 584 2523; x_wconf 85' lang='lat' dir='ltr'>Acarnaniae</span> <span class='ocrx_word' id='word_1_227' title='bbox 601 2479 739 2522; x_wconf 85' lang='lat' dir='ltr'>urbem</span> <span class='ocrx_word' id='word_1_228' title='bbox 747 2492 763 2532; x_wconf 77' lang='lat'>3</span> <span class='ocrx_word' id='word_1_229' title='bbox 782 2478 1058 2536; x_wconf 81' lang='lat' dir='ltr'>existimantes,</span> <span class='ocrx_word' id='word_1_230' title='bbox 1073 2476 1102 2518; x_wconf 83' lang='lat' dir='ltr'>fi</span> <span class='ocrx_word' id='word_1_231' title='bbox 1115 2478 1215 2520; x_wconf 89' lang='lat' dir='ltr'>hanc</span> <span class='ocrx_word' id='word_1_232' title='bbox 1235 2478 1399 2533; x_wconf 83' lang='lat' dir='ltr'>primam</span> <span class='ocrx_word' id='word_1_233' title='bbox 1412 2476 1591 2534; x_wconf 73' lang='lat' dir='ltr'>cepissent</span> <span class='ocrx_word' id='word_1_234' title='bbox 1596 2507 1614 2530; x_wconf 87' lang='lat'>,</span> 
     </span>
    </p>
   </div>
   <div class='ocr_carea' id='block_1_5' title="bbox 1709 1048 1731 1086">
    <p class='ocr_par' dir='ltr' id='par_1_5' title="bbox 1709 1048 1731 1086">
     <span class='ocr_line' id='line_1_32' title="bbox 1709 1048 1731 1086; baseline 0 0"><span class='ocrx_word' id='word_1_235' title='bbox 1709 1048 1731 1086; x_wconf 55' lang='lat' dir='ltr'>X</span> 
     </span>
    </p>
   </div>
  </div>
 </body>
</html>
