1734 3158
320 228 385 271 η
535 235 539 238 -
618 206 1312 255 THUCYDIDIS

319 296 363 359 ἒς
379 321 425 353 τε
443 320 513 362 την
528 292 680 372 μάχην
706 321 770 368 μη
799 292 1028 362 ἐπεξιέναι,
1053 295 1190 351 ἀλλα
1213 323 1283 362 την
1309 298 1435 353 πᾶλιν
1461 301 1595 354 ἐσελ-

320 375 463 435 θέντας
488 375 752 440 φυλάσσειν
780 396 858 425 και
889 398 936 426 το
965 395 1173 431 ναυτικον,
1208 376 1312 445 ᾗπερ
1348 374 1586 441 ἰσχυουσιν,

319 449 625 544 ἔξαρτυεσθαι·
652 450 714 504 τοί
740 472 785 503 τε
813 474 892 502 των
918 448 1190 543 ξυμμαχων
1198 449 1270 504 δια
1295 475 1432 526 χειρος
1465 450 1585 517 ἔχειν

320 526 464 594 λέγων
483 553 553 590 την
571 523 697 591 ἱσχυν
715 529 854 584 αὐτοῖς
871 523 963 578 αττ-ο
982 549 1131 579 τουτων
1147 526 1246 581 εἰναι
1261 553 1339 581 των
1355 529 1589 625 χρημάτων

319 630 392 666 της
419 603 639 695 προσόδου,
660 625 721 655 τα
747 594 793 654 δε
811 598 974 654 πολλα
996 627 1067 654 του
1093 601 1310 675 πολέμου,
1334 627 1487 676 ’γνωμῃ
1511 628 1589 657 και

319 681 554 775 χρημάτων
580 684 801 768 περιουσία
826 678 1106 751 κρατεῖσθαι.
1129 678 1309 753 θαρσεῖν
1325 702 1371 732 τε
1397 678 1587 737 ἐκέλευε,

320 755 565 832 προσιόντων
582 777 658 826 μεν
677 756 902 818 ἑξακοσίων
927 753 1151 808 ταλάντων
1172 779 1226 814 ως
1248 754 1482 810 ὲπ-ιτοπολυ
1502 757 1589 820 φί-

319 857 386 907 pov
415 833 514 885 κατ’
542 827 718 885 ἐνιαυτον
742 826 833 882 ἀπο
859 854 935 883 των
964 829 1212 924 ξυμμαχων
1236 835 1286 897 τῇ
1312 831 1462 888 πόλει,
1492 831 1595 886 ἄνευ·

320 934 392 971 της
410 908 558 970 ἄλλης
571 906 830 981 προσοὸου,
812 906 1083 979 υπαρχόντων
1097 897 1173 958 ὃε’
1162 929 1198 960 εν
1216 910 1265 972 τῇ
1283 907 1513 982 ακροπολει
1530 932 1590 961 ετι

322 1007 415 1038 τοτε
449 990 644 1060 ἀργυρίου
681 980 890 1052 ἒπισῆμου
922 983 1228 1046 ἑξακισχιλίων
1251 984 1489 1038 ταλαντων.
1527 1007 1590 1036 τα

320 1084 426 1130 *γαρ
444 1076 668 1115 πλειστα,
705 1081 947 1152 τριακοσιων
977 1056 1212 1111 αποδέοντα
1240 1083 1374 1134 μυρια
1404 1057 1587 1126 ἐγενετο,

321 1141 412 1202 αφ’
429 1162 481 1190 ων
502 1134 542 1195 ἔς
559 1159 605 1188 τε
623 1158 684 1188 τα
699 1132 958 1231 προπυλαια
971 1133 1041 1197 τῆς
1059 1135 1355 1209 ακροπολεως,
1373 1159 1452 1190 και
1470 1135 1590 1189 τὲίλ-

321 1227 391 1265 λα
407 1211 748 1302 οἰκοδομήματα,
766 1234 844 1263 και
865 1213 903 1269 ἒς
921 1211 1180 1268 Ποτίδαιαν,
1197 1212 1472 1274 απ-ανηλωθη.
1492 1235 1589 1276 χω-

320 1314 379 1363 ρις
397 1280 462 1346 ὃς,
484 1312 653 1364 χρυσιου
672 1310 844 1360 ασημου
862 1309 940 1340 και
963 1291 1178 1361 αργυριόυ,
1196 1286 1234 1342 ἕν
1255 1311 1301 1341 τε
1323 1287 1591 1360 αναθημασιν

319 1445 361 1485 in
381 1445 517 1486 urbem
531 1454 855 1501 {comportarent3
880 1458 1007 1499 neque
1026 1445 1074 1485 ad
1090 1444 1282 1500 proelium
1305 1445 1592 1500 egrederentur,

318 1513 383 1554 sed
400 1515 439 1554 in
457 1515 595 1556 urbem
612 1514 763 1569 ingreffi
780 1525 1000 1564 tuerentur3
1020 1514 1063 1556 &
1081 1513 1253 1565 classem,
1273 1528 1354 1570 qua
1371 1515 1592 1571 pollebant,

318 1587 579 1637 instruerent3
609 1587 652 1628 δε
677 1585 873 1628 sociorum
899 1599 961 1627 res
987 1600 1107 1627 manu
1131 1596 1333 1636 tenerent,
1356 1585 1533 1641 ipsosque
1552 1586 1593 1626 in

317 1656 454 1698 officio
467 1669 513 1698 ac
533 1655 610 1698 fide
628 1657 892 1698 continerent:
913 1655 1079 1706 docens,
1096 1668 1238 1696 eorum
1249 1655 1462 1710 potentiam
1481 1655 1590 1696 fitam

317 1722 394 1765 effe
413 1725 454 1765 in
472 1722 728 1778 vestigalibus
743 1755 756 1774 ,
775 1736 877 1777 quae
894 1737 916 1764 a
939 1722 1052 1765 sociis
1071 1724 1340 1779 pendebantur
1354 1756 1367 1775 ‚
1386 1724 1429 1766 &
1450 1723 1592 1779 pleras-

317 1808 396 1849 que
412 1795 504 1836 belli
528 1805 656 1850 partes
670 1795 832 1836 consilio
847 1796 888 1836 &
902 1796 1154 1851 pecuniarum
1173 1795 1286 1850 copia
1307 1795 1486 1836 obtineri.
1505 1793 1590 1837 eos-

315 1878 395 1918 que
419 1863 617 1906 confidere
641 1864 821 1915 iubebat,
847 1875 933 1906 tum
959 1864 1068 1919 quod
1100 1864 1388 1919 propemodum
1410 1863 1590 1905 sexcenta

315 1933 459 1975 talenta
485 1934 692 1989 quotannis
720 1947 743 1974 a
767 1933 878 1975 sociis
907 1947 982 1989 pro
1009 1934 1157 1975 tributo
1185 1933 1417 1988 reipublicae
1446 1933 1589 1989 pende-

313 2013 470 2052 rentur,
485 2014 636 2057 praeter
654 2002 750 2044 alios
767 2014 1008 2058 proventus3
1027 2013 1112 2044 tum
1131 2003 1267 2054 etiam,
1280 2003 1387 2058 quod
1409 2003 1475 2046 vel
1493 2014 1588 2046 tune

314 2072 382 2115 sex
399 2073 518 2115 millia
546 2074 781 2115 talentorum
806 2073 956 2128 argenti
973 2071 1108 2127 fignati
1132 2072 1173 2112 in
1196 2085 1284 2114 arce
1309 2072 1436 2114 adhuc
1455 2072 1586 2114 effent.

313 2142 418 2183 Nam
441 2139 611 2184 maxima
636 2143 828 2198 pecuniae
856 2141 1031 2192 summa,
1060 2154 1162 2196 quae
1191 2140 1318 2183 fuerat
1342 2141 1384 2199 in
1406 2142 1558 2184 aerario
1571 2171 1587 2190 ‚

313 2210 467 2254 fuerant
491 2213 622 2254 decem
652 2212 769 2252 millia
798 2212 1060 2262 talentorum,
1091 2211 1270 2253 trecentis
1295 2211 1424 2253 minus
1436 2225 1451 2261 3
1481 2211 1586 2252 unde

313 2295 403 2337 pars
428 2280 595 2322 detracta
619 2280 698 2332 est,
722 2295 823 2336 quae
849 2282 890 2322 in
912 2283 1008 2324 arcis
1035 2281 1255 2337 propylaea
1268 2312 1281 2332 ‚
1300 2281 1343 2323 &
1365 2281 1438 2322 alia
1458 2279 1589 2322 aedifi-

313 2351 396 2401 cia,
423 2350 467 2392 &
488 2351 530 2391 in
551 2350 796 2401 Potidaeam‚
817 2365 861 2393 ac
889 2353 931 2393 in
958 2353 1187 2408 stipendium
1217 2365 1383 2403 eorum,
1403 2353 1472 2408 qui
1495 2365 1584 2394 eam

314 2419 565 2469 obsidebant,
590 2419 663 2462 fuit
691 2420 867 2462 insumta.
899 2421 1102 2463 Praeterea
1130 2434 1230 2464 vero
1255 2421 1339 2463 auri
1368 2420 1412 2462 &
1434 2421 1584 2476 argenti

313 2505 398 2534 non
418 2490 577 2546 signati,
600 2505 691 2534 cum
709 2491 748 2534 in
766 2493 951 2547 privatis,
973 2504 1057 2537 tum
1086 2494 1127 2537 in
1145 2494 1306 2551 publicis
1321 2493 1516 2543 donariis,
1539 2493 1583 2537 δι
