1734 3158
345 204 444 251 444
528 171 1418 236 ‘ANNOTATIONES

342 278 531 321 Diodoro
551 279 682 321 Siculo
703 281 798 330 XV,
824 294 898 333 475
925 278 979 320 est
1001 279 1129 327 Polis,
1152 277 1256 332 apud
1280 277 1466 318 Plutarchi
1485 275 1614 318 Dion:

375 334 509 388 rincip.
524 334 658 375 dicitur
674 335 786 375 Pollis
804 334 1022 389 Spartiates.
1046 333 1147 373 Nam
1165 332 1330 371 eundem
1351 330 1446 382 effe,
1457 331 1504 371 de
1523 344 1610 385 quo

378 387 447 428 lut.
469 389 513 429 &
533 387 699 429 Diodor.
719 399 857 442 agunt,
877 387 1102 441 intelligitur
1122 399 1144 426 e
1162 384 1283 438 Diog.
1305 385 1432 426 Laert.
1454 385 1528 434 111,
1548 399 1615 439 19,

346 454 412 481 20.
439 442 547 483 Polin
569 443 705 483 ducem
727 442 906 483 coloniae
932 440 1239 494 Amyclaeorum
1254 439 1297 479 &
1314 439 1584 493 Spartiatarum
1597 468 1611 487 ,

349 496 422 548 qui
446 496 488 535 in
502 495 619 537 Creta
638 494 911 545 consederunt,
931 504 1124 536 memorat
1142 493 1243 547 apud
1264 492 1446 533 Photium
1466 491 1614 532 Conon

348 548 505 591 Narrat.
535 551 582 602 36
609 552 652 592 δι
671 564 735 602 47.
757 549 1004 598 Ἰἓιαίπολιῃ
1027 548 1134 602 quod
1156 547 1312 601 quidam
1339 546 1426 587 Mff.
1450 546 1617 595 habent,

348 604 479 658 potuit
502 605 599 645 oriri
617 617 666 645 ex
687 620 699 643 ι
718 602 906 657 adscripto
923 602 1151 657 diphthongi
1176 601 1419 656 impropriae.

408 658 497 711 Pag.
530 670 616 710 103.
643 657 666 697 I.
692 671 726 711 5.
741 658 927 708 Ἐμελλον
948 679 994 687 -
1012 655 1123 709 περ.)
1146 655 1225 696 Th.
1247 654 1440 708 Magister.
1469 654 1617 694 WASS.

350 710 527 752 Thomas
543 721 728 758 annotat,
751 708 978 763 περαιοῦμοιι
998 710 1199 757 dicendum
1213 741 1225 758 ‚
1248 709 1430 763 quamvis
1449 706 1616 759 Thucy-

349 764 456 858 gides
475 764 622 858 orffpffiacii
644 765 756 806 dicat.
774 765 894 820 Apud
916 777 1007 805 eum
1036 772 1111 818 pro
1135 758 1183 804 ὦς
1207 776 1257 804 ex
1281 763 1358 804 hoc
1377 762 1468 803 loco
1485 761 1616 815 legen-

376 832 442 859 um
470 831 491 859 e
551 823 592 859 ὡ.

405 875 479 912 ead.
503 874 527 911 l.
557 860 620 924 ¹13.
640 871 886 913 Ἀπέκτειναν
910 869 1097 925 πάντας)
1116 868 1265 913 Confer
1285 869 1451 911 omnino
1478 869 1616 909 Hero-

352 925 494 967 dotum
515 926 612 975 VII,
639 940 727 981 137.
751 927 878 967 IDEM.

408 982 501 1033 Pag.
531 994 618 1031 ¹04·
645 982 671 1021 l.
706 995 766 1029 14.
790 979 940 1033 Ἀμφίλ.
971 979 988 1019 ὃ
1016 978 1154 1032 ’All-0.)
1173 978 1344 1031 Magnus
1397 975 1523 1017 uidem
1546 988 1617 1015 au-

356 1033 514 1075 &orum
535 1034 716 1076 diffensus
734 1034 846 1090 super
868 1033 1068 1075 conditore
1083 1033 1181 1087 Argi
1202 1030 1372 1086 Aniphil.
1427 1030 1486 1070 ide
1503 1029 1619 1070 Non-

352 1088 465 1129 nium
494 1088 540 1131 ad
560 1089 708 1131 Goltzii
727 1088 961 1137 Graeciam,
983 1089 1026 1130 δι
1044 1087 1166 1128 Strab.
1219 1099 1276 1139 ag.
1301 1085 1386 1137 326.
1412 1083 1619 1137 Amphilo-

353 1142 472 1183 chum
491 1155 541 1183 ex
565 1143 755 1198 Apollinis
769 1142 934 1183 oraculo
954 1142 1084 1195 Argos
1103 1101 1330 1187 condidifl'e,
1346 1138 1476 1179 scribit
1495 1136 1621 1191 Apol.

354 1195 515 1237 lodorus
531 1196 557 1236 l.
577 1211 613 1252 3.
633 1196 696 1238 sed
717 1196 1012 1251 Amphilochum
1031 1208 1113 1236 non
1131 1193 1354 1248 Amphiarai
1372 1191 1524 1240 filium,
1545 1192 1620 1244 (ut

354 1250 634 1303 Thucydides,
666 1251 861 1304 Scymnus
887 1250 1033 1298 Chius,
1059 1249 1228 1302 aliique)
1257 1247 1319 1288 sed
1344 1247 1426 1286 eius
1453 1258 1503 1286 ex
1526 1245 1621 1286 Alc-

355 1300 1516 1410 Εἰθῗῗῧοῗρθῖἓῒεῗίζὲζζὲῗθνῖἳῑῖῗὲ-ᾙῧὲἒὲἓρυῖ..
1538 1299 1618 1392 1³3²

424 1390 432 1399 ·
588 1390 596 1399 ·
1074 1387 1086 1406 2
1150 1402 1155 1405 ,
1194 1386 1207 1405 2
1605 1382 1622 1400 θ

357 1426 405 1464 73
426 1412 583 1454 Pausan.
599 1413 637 1454 ΙΙ
651 1444 662 1462 ,
691 1412 758 1462 18;
777 1414 818 1454 &
839 1412 1087 1455 Herodotum
1108 1411 1187 1458 111,
1211 1423 1276 1464 91.
1295 1408 1471 1449 Domum
1493 1419 1624 1447 rever-

356 1465 421 1507 sus
444 1467 498 1507 est
517 1467 568 1507 A.
596 1468 654 1508 M.
679 1466 805 1519 2823,
830 1477 919 1508 ante
940 1464 1137 1508 Christum
1158 1474 1292 1504 natum
1318 1461 1429 1501 1182.
1453 1460 1623 1515 Apollo-

355 1520 477 1562 dorus
505 1521 707 1576 Ephorum
731 1520 883 1563 secutus
909 1520 964 1562 est
977 1552 990 1571 ,
1023 1530 1068 1560 ut
1097 1531 1147 1559 ex
1170 1516 1367 1560 Strabonis
1394 1515 1456 1566 X,
1481 1529 1518 1570 p.
1542 1516 1623 1564 462

358 1575 512 1616 abunde
529 1586 645 1631 patet.
673 1578 822 1617 WAss.

414 1630 508 1683 Pag.
536 1644 622 1684 ¹05·
642 1631 665 1670 Ι.
691 1645 729 1680 7.
750 1629 961 1681 raficam)
977 1627 1038 1670 Cl.
1054 1640 1103 1682 pe
1150 1639 1255 1667 eram
1270 1623 1472 1679 γλδττοιν.
1493 1622 1623 1663 IDEM.

417 1687 492 1724 ead.
511 1684 535 1724 l.
558 1698 617 1724 12.
642 1685 713 1724 Καὶ
735 1685 1071 1738 προσεκαλέσαντο
1084 1640 1161 1730 s&
1178 1679 1418 1735 participium
1437 1677 1504 1718 vel
1525 1677 1626 1726 hoc,

360 1737 429 1778 vel
448 1738 540 1778 illud
563 1749 753 1793 ponatur,
773 1737 922 1778 nullum
948 1736 1089 1791 copula
1109 1735 1174 1775 κοιὶ
1196 1734 1328 1774 locum
1346 1731 1512 1772 habebit.
1537 1731 1629 1771 Nec

362 1805 464 1832 vero
483 1805 552 1842 ea,
571 1806 687 1846 quam
708 1791 794 1847 post
816 1806 883 1845 ¹7?-
910 1791 1026 1831 habes
1046 1789 1142 1843 (ubi
1160 1787 1343 1843 scriptum
1368 1785 1422 1827 est
1444 1799 1512 1838 γε.
1532 1784 1625 1838 uzi)

364 1846 413 1887 ad
435 1846 677 1901 participium
697 1847 883 1902 pertinet,
905 1844 968 1885 sed
988 1844 1034 1884 ad
1059 1843 1153 1884 illud
1182 1856 1250 1896 γρ.
1273 1841 1310 1882 id
1340 1839 1416 1888 est,
1438 1841 1520 1879 haec
1535 1854 1628 1893 quo-

364 1915 428 1955 que
438 1901 607 1955 scriptura
627 1903 744 1952 exstat.
761 1900 910 1942 STEPH.
926 1898 1119 1952 Loquitur
1137 1897 1184 1937 de
1198 1896 1310 1936 varia
1322 1893 1486 1936 lefflone
1497 1924 1510 1942 ,
1524 1904 1627 1948 quae

363 1953 552 2010 adscripta
573 1954 627 1995 est
646 1950 809 2009 margini
828 1955 887 1995 ed.
913 1968 948 1994 2.
969 1952 1098 2007 Steph.
1119 1952 1161 1993 δι
1177 1950 1321 1991 Wech.

421 2009 513 2064 Pag.
551 2009 635 2050 106.
667 2010 690 2048 l.
727 2023 759 2060 5.
790 2007 1028 2063 Στρατείαν)
1053 2005 1116 2048 Ita
1146 2005 1209 2046 Cl.
1237 2004 1309 2046 Gr.
1338 2001 1454 2044 recte.
1480 2002 1629 2041 WASS.

311 2099 316 2104 .
363 2063 435 2118 qui
454 2062 506 2104 fic
530 2064 590 2104 edi
619 2063 759 2104 voluit.
1627 2080 1630 2084 ·

421 2121 496 2158 ead.
516 2119 540 2157 l.
563 2131 600 2165 7.
622 2118 833 2171 Βαρβάρων)
850 2115 1032 2157 Chaonas
1048 2113 1236 2155 barbaros
1261 2108 1390 2158 fuiffe,
1413 2121 1462 2149 ex
1481 2108 1519 2148 h.
1538 2107 1562 2148 l.
1582 2107 1627 2148 &
1716 2115 1720 2118 ’

368 2184 454 2225 cap.
479 2171 533 2212 80
555 2171 640 2212 infr.
666 2171 744 2213 hoc
771 2171 837 2212 lib.
859 2171 951 2211 item
973 2183 995 2210 e
1026 2169 1202 2222 Scymno
1223 2165 1326 2207 Chio
1361 2161 1522 2204 ostendit
1544 2161 1630 2203 Pal-

371 2237 465 2265 mer.
484 2225 521 2265 11
544 2226 687 2267 Graec.
711 2224 803 2266 Ant.
829 2239 873 2272 2,
925 2255 934 2264 .
963 2236 1050 2275 23¹·

426 2282 501 2318 ead.
526 2280 550 2319 l.
580 2294 639 2327 14.
664 2278 867 2332 Κρισὸιίου)
892 2239 955 2320 ge

373 2333 461 2373 taic.
487 2345 585 2385 443,
606 2347 668 2384 30.
692 2333 892 2373 Strabonis
910 2331 1164 2385 exemplaria,
1189 2330 1231 2369 &
1259 2327 1457 2368 Homerus
1477 2325 1629 2376 Hymn.

375 2385 547 2440 Apollin.
583 2388 811 2440 quinquies,
837 2385 952 2426 semel
980 2398 1074 2425 cum
1105 2385 1202 2424 Var.
1235 2380 1340 2422 LeEt.
1369 2377 1632 2419 Callimachus

957 2279 1101 2318 minant
1123 2275 1275 2330 quidem
1297 2270 1528 2314 alfocrates
1545 2268 1629 2310 Pla·
1715 2270 1720 2277 ’

377 2442 530 2494 Hymn.
548 2441 587 2480 in
608 2440 699 2480 Del.
724 2439 949 2489 Pausanias,
974 2438 1129 2486 Suidas‚
1147 2436 1308 2482 Plinius,
1331 2433 1554 2474 Antoninus
1573 2431 1634 2470 Li·
1714 2447 1717 2454 ’-

377 2495 525 2539 beralis.
539 2494 690 2542 Contra
700 2494 929 2536 Herodotus
945 2492 1062 2542 VIII,
1078 2505 1126 2546 32
1137 2520 1150 2541 ,
1169 2488 1383 2545 Sophocles
1400 2486 1516 2529 Elect-
1531 2485 1634 2542 Epit.
