1734 3158
322 228 386 271 μ
616 208 1305 258 THUCYDIDIS

405 297 516 358 κστ-Ι.
553 299 673 358 Υπο
698 296 811 357 δε
769 329 833 360 τον
859 302 982 360 αὐτον
1006 306 1142 401 χρόνον
1165 308 1302 360 τοῦτον
1329 314 1363 362 οἱ
1389 294 1591 370 Ἀθηναῖοι

319 379 542 454 τριάκοντα
561 382 660 441 ναῧς
685 378 940 454 ἐξέπεμψαν
957 407 1050 457 περι
1073 409 1144 447 την
1161 385 1374 458 Λοκρίδα,
1396 409 1474 438 και
1500 384 1586 437 Εὐ-

318 456 493 519 {301'005‘l
465 481 570 529 αμα
588 457 811 522 φυλακην.
837 460 1022 534 ἒστρατη
1019 483 1091 527 ’γει
1110 453 1155 513 <le
1182 460 1319 514 αὐτων
1346 461 1587 532 Κλείπομ.

317 558 398 592 πος
426 539 444 586 ὀ
473 535 680 588 Κλεινίου
715 559 793 587 και
823 537 1079 599 ἀποβάσεις
1107 538 1407 607 ποιησάμενος,
1438 563 1508 600 της
1542 561 1588 591 τε

314 608 731 684 παραθαλασσίου
705 634 815 664 εστιν
829 612 863 664 οὶ
879 606 1030 680 &nmo-2
1041 651 1052 670 ‚
1071 637 1149 665 και
1127 611 1329 687 Θρονιον
1343 614 1463 667 εἶλεν·
1481 638 1586 684 ομη-

313 710 401 760 ρους
418 710 464 740 τε
483 685 648 751 ἔλαβεν
677 687 837 744 αὐτων,
862 687 939 741 καὶ
960 692 997 742 ἓν
1023 689 1206 757 Ἀλωπῃ
1232 715 1324 749 τους
1348 688 1584 754 βοηθήσαν-

311 786 392 822 τας
409 764 585 856 Λοκρων
607 764 739 834 μάχη
759 764 993 861 ὲκξατησεν.

388 834 474 904 κζ’.
509 839 763 902 Ἀνέστησαν
788 842 834 893 ὃε
858 864 935 893 και
964 840 1200 908 Αἱγινητας
1230 867 1291 896 τω
1324 843 1444 896 αὐτω
1469 839 1550 917 θέρ
1552 865 1587 896 ει

312 914 446 988 τούτῳ
466 918 510 980 ἐξ
538 918 711 982 Αἰγίνης
736 918 962 979 Α’θηναιοι,
985 917 1134 978 αὐτούς
1151 941 1197 971 τε
1221 942 1298 971 και
1317 921 1485 979 παῖδας
1502 942 1582 973 και

312 1014 527 1058 γυναικας
536 1031 547 1050 ,
565 990 904 1053 ἐπικαλέσαντες
916 998 999 1058 οὐχ
1011 1018 1171 1057 ηκιστα
1182 996 1253 1048 τοῧ
1266 993 1460 1068 πολέμου
1473 1002 1584 1060 σφί-

311 1091 374 1121 σιν
394 1075 546 1146 αἰτίους
566 1069 681 1123 εἰναι.
702 1093 780 1122 και
798 1095 869 1133 την
888 1071 1067 1136 Αἴγιναν
1091 1070 1423 1146 ασφαλέστερον
1445 1074 1580 1137 ἐφαί-

310 1167 393 1198 νετο
419 1149 470 1211 τ’νῖ
501 1144 860 1219 Πελοποννησῳ
848 1144 1123 1219 επικειμένην,
1154 1148 1292 1202 αὐτων
1319 1147 1580 1218 πέμψαντες

309 1223 518 1281 ἐποίκους,
551 1220 676 1287 ἔχειν
705 1247 783 1276 και
793 1221 1118 1294 ἒξεπεμψαν”
1092 1247 1254 1314 υστερον
1279 1229 1323 1278 οὐ
1348 1226 1511 1298 πολλοὶ)υ
1539 1228 1579 1284 ἐς

308 1292 436 1360 αὐτην
462 1323 555 1357 τους
584 1297 806 1386 olan-ropac.
832 1301 1065 1353 ἒκπεσοῧσι
1090 1292 1135 1354 δε
1162 1325 1245 1360 τοις
1270 1300 1520 1367 Αἱγινηταις
1543 1307 1579 1354 οἱ

309 1376 643 1447 Λακεδαιμόνιοι
665 1372 810 1429 εὸοσαν
830 1373 998 1451 Θυρέαν
1017 1381 1156 1433 οἰκεῖν,
1177 1401 1255 1430 και
1274 1401 1343 1440 την
1362 1400 1442 1444 γην
1461 1399 1579 1449 νεμε-

363 1532 514 1574 XXVI.
545 1532 679 1588 Atque
704 1531 775 1574 sub
807 1531 885 1575 hoc
909 1532 1034 1589 ipsum
1059 1544 1214 1589 tempus
1234 1525 1487 1575 Athenienses
1513 1532 1583 1573 tri-

306 1600 411 1654 ginta
431 1613 554 1643 naves
573 1600 806 1651 emiserunt,
832 1612 877 1643 ut
892 1601 1094 1643 Locridem
1119 1602 1298 1652 obirent,
1317 1601 1429 1643 fimul
1445 1601 1581 1651 etiam,

306 1681 351 1710 ut
372 1670 578 1712 Euboeam
607 1681 829 1712 tuerentur:
863 1671 922 1712 his
950 1682 1080 1712 autem
1105 1680 1280 1725 praeerat
1305 1669 1579 1726 Cleopompus

303 1739 456 1781 Cliniae
481 1740 604 1781 filius:
640 1740 705 1790 δι,
734 1739 914 1782 exscensu
939 1753 988 1782 ex
1013 1741 1183 1782 navibus
1205 1741 1246 1781 in
1273 1751 1417 1781 terram
1442 1738 1548 1780 fano
1562 1771 1576 1790 ,

301 1820 391 1858 cum
423 1807 612 1848 nonnulla
635 1808 826 1849 maritima
855 1808 943 1851 loca
973 1808 1163 1859 vastavit,
1195 1820 1280 1850 tum
1301 1808 1575 1850 etiam·Thro-

300 1876 411 1917 nium
437 1878 568 1931 cepit3
598 1877 640 1918 &
667 1876 816 1919 obfides
839 1878 888 1919 ab
917 1878 988 1919 illis
1017 1879 1190 1934 accepit,
1222 1879 1264 1920 δι
1290 1878 1393 1935 apud
1415 1878 1574 1935 Alopen

301 1946 451 1987 Locros
464 1978 476 1996 ,
503 1948 570 2001 qui
592 1946 666 1988 suis
685 1948 873 1989 auxilium
894 1949 1064 1991 tulerant
1077 1983 1089 2001 ,
1113 1950 1266 2005 proelio
1292 1949 1501 2005 superavit.

356 2017 526 2058 XXVII.
554 2019 641 2059 Hac
667 2018 799 2059 eadem
833 2017 971 2060 aestate
997 2018 1256 2060 Athenienses
1284 2019 1492 2074 Aeginetas
1522 2032 1574 2061 ex

301 2087 482 2142 Aegina,
514 2102 603 2129 cum
630 2089 757 2143 ipsos,
792 2101 878 2131 tum
903 2091 1019 2131 etiam
1034 2080 1192 2132 ¹liberos
1220 2090 1263 2131 &
1285 2090 1473 2145 coniuges
1493 2091 1572 2132 eie-

299 2166 460 2206 cerunt3
487 2157 576 2212 ipfis
605 2160 755 2200 crimini
778 2160 934 2210 dantes,
967 2160 1074 2215 quod
1108 2160 1222 2201 huius
1249 2158 1337 2200 belli
1361 2171 1498 2201 contra
1530 2158 1570 2201 se

298 2226 396 2266 moti
418 2228 617 2283 praecipui
641 2229 820 2272 auftores
837 2230 968 2272 effent.
991 2229 1112 2272 Simul
1132 2230 1247 2271 etiam
1266 2231 1389 2272 tutius
1409 2230 1496 2272 fore
1509 2230 1571 2272 vi-

299 2292 480 2343 debatur,
504 2293 533 2334 fi
557 2294 752 2349 Aeginam
778 2297 1044 2352 Peloponneso
1062 2298 1323 2350 adiacentem,
1344 2299 1501 2341 colonia
1522 2299 1570 2340 de

299 2360 375 2403 suis
399 2375 449 2403 eo
477 2362 582 2404 missa
597 2393 610 2412 ,
643 2364 715 2419 ipsl
742 2376 938 2407 tenerent:
971 2379 1044 2407 nec
1068 2366 1195 2408 multo
1222 2367 1308 2422 post
1334 2361 1500 2409 colonos
1528 2369 1568 2408 in

300 2445 386 2474 eam
407 2432 600 2476 miserunt.
622 2434 820 2490 Aeginetis
837 2432 966 2479 autem
987 2437 1114 2479 eieffls
1137 2439 1431 2480 Lacedaemonii
1453 2438 1572 2492 Thy-

298 2514 405 2544 ream
432 2503 674 2547 incolendam
687 2535 701 2556 ‚
735 2505 777 2547 δι
802 2506 884 2548 eius
910 2519 1046 2561 agrum
1070 2506 1336 2562 poffidendum
1360 2507 1544 2551 dederunt
1557 2539 1571 2559 ,
