1734 3158
360 234 457 274 210
656 219 1351 270 THUCYDIDIS

361 314 403 367 δ’
420 308 677 378 ἀναστήσας
701 308 872 371 αὐτους,
900 334 1010 364 ωστε
1028 337 1090 382 μη
1109 311 1336 375 &diseno-ou,
1353 318 1633 369 κατατίθεται

363 393 405 450 ἒς
421 386 608 445 Τένεδον,
599 411 777 483 μεχρις
797 384 842 440 οὑ
859 391 941 447 τοῖς
960 388 1237 450 ’'AOnvoecoag
1198 413 1239 441 τι
1254 391 1359 458 δόξῃ.
1377 388 1571 463 πέμψας
1589 394 1634 445 δὲ

362 490 441 520 και
419 459 555 524 ἒς
512 489 581 527 την
590 456 828 561 ’ΞΑντισ-σαν
848 487 1031 539 τριηρεις,
1048 486 1391 539 προσεκτησατο,
1415 491 1493 520 και
1512 467 1630 522 τᾶίλ-

361 556 432 596 λα
448 566 508 596 τα
524 564 618 613 περι
637 565 683 593 το
662 538 980 615 στρατόπεδον
998 543 1273 594 mah-tows
1250 568 1271 609 n
1292 548 1411 616 αὐτῳ
1388 543 1572 597 ὲὸοκει.

437 613 515 671 κθ.
539 617 604 670 Οἱ
624 618 697 668 δ”
686 640 723 670 εν
746 641 843 675 ταις
866 619 1191 709 τεσσαράκοντα
1212 641 1332 672 ναυσι
1355 617 1632 683 Πελοποννή-

360 719 466 751 σιοι,
485 718 552 753 ους
578 690 691 745 ἴδει’
680 716 718 745 εν
735 693 867 756 τάχει
892 691 1258 766 παραγενέσθαι,
1286 693 1508 755 πλέοντες,
1505 702 1638 789 περί
1664 747 1670 753 ,

362 795 408 825 τε
431 765 556 832 αὐτην
581 794 648 831 την
673 769 995 830 Πελοποννησον
1022 767 1291 860 ἐνδιέτριψαν,
1317 796 1396 824 και
1414 795 1541 825 κατα
1565 797 1631 826 τον

363 847 504 901 ἄλλον
517 846 653 898 πλοῧν
669 848 875 908 σχολαῖοι
891 843 1171 916 κομισθέντες
1181 884 1192 902 ,
1207 870 1300 906 τους
1311 870 1388 919 μεν
1404 846 1521 901 ἐκ
1466 873 1538 910 της
1548 849 1632 901 πὸ-

362 937 474 983 λεως
492 923 726 983 ΗΑθηναιους
750 921 1023 978 λανθανουσι,
1049 946 1142 995 πριν
1166 916 1215 983 δη
1238 927 1290 988 τῇ
1315 922 1459 996 Δηλῳ
1476 947 1632 1021 προσε-

362 1014 485 1064 σχον·
513 999 825 1072 προσμίξαντες
854 997 896 1049 δ’
920 999 1003 1050 απ’
1025 1002 1154 1059 αὐτης
1171 1001 1221 1063 τῇ
1242 999 1397 1091 Ικαρῳ
1420 1023 1498 1053 και
1523 1002 1632 1054 Μυ-

363 1077 470 1148 κόνῳ
482 1114 493 1132 ,
509 1074 780 1127 πυνθανονται
768 1097 957 1165 πρωτον
972 1071 1032 1126 ὅτι
1048 1100 1071 1136 η
1060 1073 1340 1137 Μιτυληνη
1327 1077 1511 1130 εαλωκε.
1525 1079 1632 1139 βου-

358 1152 526 1225 λὸμενοι
547 1144 644 1202 ὃε
604 1174 651 1203 το
666 1142 815 1214 σαφες
834 1148 1000 1206 εὶὸεναι,
1022 1147 1332 1205 κατέπλευσαν
1348 1154 1388 1211 ἒς
1396 1142 1632 1222 ’Έριβατον

361 1253 434 1290 της
455 1227 710 1319 Ερυθραιάς.
737 1223 889 1299 ἦμεραι
914 1218 960 1278 δε
960 1226 1196 1316 μαλιστα
1213 1223 1320 1289 ἦσαν
1337 1232 1388 1293 τ’,ἦ
1408 1228 1632 1298 Μιτυληνῃ

359 1305 589 1359 ἑαλωκυῖα
607 1299 746 1359 ἑπτα,
765 1301 822 1355 ὅτ’
841 1305 881 1361 ἐς
894 1327 941 1355 το
953 1291 1185 1374 Εμβατον
1201 1302 1526 1359 κατέπλευσαν.
1543 1329 1631 1358 πυ-

357 1460 626 1504 consederunt.
646 1458 796 1500 Paches-
814 1471 915 1500 vero
938 1470 1009 1500 eos
1031 1458 1135 1500 illinc
1159 1458 1345 1499 excitatos
1358 1489 1371 1509 ,
1395 1471 1446 1500 ne
1462 1460 1554 1514 quid
1575 1461 1632 1502 in.

357 1534 481 1576 iuriae
503 1531 591 1587 ipsis
625 1530 760 1581 fieret,
788 1530 829 1570 in
850 1530 1055 1572 Tenedum
1095 1529 1364 1571 custodiendos
1387 1530 1634 1584 transmittit,

358 1603 485 1643 donec
497 1597 749 1641 Athenienses
767 1598 911 1653 aliquid
924 1597 1147 1640 statuissent.
1163 1598 1409 1641 Triremibus
1422 1601 1536 1642 etiam
1547 1603 1632 1643 An-

357 1673 481 1715 tiffam
503 1671 642 1720 miffis,
666 1684 752 1712 eam
777 1671 847 1712 fibi
873 1672 1073 1722 adiunxit,
1092 1671 1136 1713 &
1157 1682 1310 1723 cetera,
1332 1685 1434 1728 quae
1457 1674 1505 1714 ad
1522 1687 1633 1716 exer·

357 1743 478 1784 citum
499 1740 765 1795 pertinebant,
782 1740 967 1782 arbitratu
991 1740 1063 1782 suo
1087 1741 1295 1784 constituit.

411 1810 559 1852 XXIX.
587 1809 855 1864 Peloponnesii
876 1823 976 1851 vero
988 1842 1000 1861 ‚
1021 1811 1090 1865 qui
1109 1811 1359 1866 quadraginta
1371 1810 1540 1854 navibus
1558 1827 1632 1855 ve-

357 1881 551 1922 hebantur
563 1911 575 1929 ‚
596 1891 698 1934 quos
715 1878 887 1920 celeriter
903 1879 1048 1934 yeniss'e
1067 1891 1298 1936 oportuerat
1308 1911 1321 1931 ‚
1340 1893 1432 1922 cum
1449 1881 1547 1923 circa
1561 1882 1633 1923 Pe-

358 1949 616 2006 loponnesum
631 1948 749 2004 ipsam
771 1950 1000 2004 navigantes
1017 1961 1171 2005 tempus
1185 1951 1382 1992 triverunt
1392 1982 1404 2001 ,
1416 1962 1501 1992 tum
1515 1953 1630 1994 etiam

358 2024 400 2063 in
422 2022 574 2077 reliquo
593 2022 856 2075 navigationis
877 2022 993 2064 cursu
1013 2022 1116 2063 lente
1130 2021 1257 2073 veffi,
1275 2022 1530 2063 Athenienses
1549 2024 1632 2078 qui-

358 2094 471 2144 dem,
492 2093 560 2147 qui
580 2092 619 2132 in
635 2092 734 2133 urbe
751 2102 885 2142 erant,
909 2092 1131 2143 latuerunt,
1151 2091 1273 2147 usque
1298 2092 1391 2134 dum
1413 2092 1462 2133 ad
1483 2092 1630 2135 Delum

357 2161 609 2218 appuliffent:
642 2160 743 2201 illinc
765 2173 867 2201 vero
886 2160 935 2202 ad
956 2160 1110 2202 Icarum
1137 2161 1180 2202 &
1200 2161 1428 2214 Myconum
1446 2160 1630 2216 profecti,

357 2245 453 2276 tunc
488 2234 657 2288 primum
688 2232 910 2286 Mitylenen
939 2243 1091 2288 captam
1119 2230 1406 2272 intellexerunt.
1437 2232 1512 2273 Sed
1539 2245 1629 2273 cum

357 2318 444 2347 rem
470 2304 712 2359 exploratam
734 2303 876 2344 habere
900 2302 1071 2350 vellent,
1095 2302 1142 2342 ad
1163 2301 1370 2342 Embatum
1389 2300 1630 2354 Erythraeae

357 2376 604 2431 navigarunt.
631 2375 708 2415 Die
731 2385 862 2416 autem
876 2387 899 2415 a
919 2373 1115 2427 Mitylene
1137 2382 1249 2427 capta
1272 2372 1425 2413 circiter
1444 2371 1629 2427 septimo,

357 2447 407 2490 ad
423 2447 628 2488 Embatum
654 2446 741 2487 sunt
770 2446 895 2486 delati.
918 2445 1055 2499 Itaque
1072 2457 1114 2484 re
1133 2442 1335 2498 explorate
1350 2443 1507 2497 cognita
1520 2472 1533 2492 ‚
1553 2455 1628 2497 pro

357 2515 547 2572 praesenti
570 2528 700 2557 rerum
725 2515 875 2557 illarum
895 2513 993 2556 statu
1005 2545 1018 2567 ‚
1045 2513 1140 2569 quid
1165 2512 1257 2557 effet
1286 2511 1505 2567 agendum,
1530 2524 1628 2554 con·
