1734 3158
352 197 452 256 446
559 195 1442 246 ANNOTATIONES

352 280 444 322 Dea
463 280 557 344 Syr..
578 295 617 337 p.
646 282 725 335 677
746 282 832 325 οὔτε
857 282 997 335 Ἱερέων.
1024 284 1089 325 Ab
1115 285 1280 326 Homeri
1305 298 1408 326 aevo
1429 254 1632 328 vocalium

353 335 530 378 elisiones
549 349 587 376 m
610 335 682 377 usu
704 336 812 379 fuiffe
831 349 1078 393 compertum
1099 338 1163 379 est.
1183 339 1409 393 Aliquando
1427 350 1555 381 tamen
1574 355 1634 382 re
1716 342 1717 345 ’

353 390 549 440 tinentur,
573 392 732 445 quando
763 392 908 432 hiatum
932 392 1039 446 quasi
1066 404 1223 447 captant
1247 395 1449 444 auctores,
1470 395 1536 436 vel
1564 409 1633 435 or-

354 443 456 484 dinis
484 445 526 485 &
549 443 743 499 positurae
765 447 1015 487 varietatem:
1036 447 1203 501 denique
1225 458 1270 487 ut
1290 447 1475 488 versuum
1494 449 1633 490 modu-

355 498 384 538 li
400 500 459 539 rei
472 509 635 539 naturae
647 530 658 549 ‚
675 513 794 553 quam
808 500 984 547 naeiant,
1003 501 1357 542 accommodentur.
1374 501 1439 542 De
1460 502 1520 543 his
1533 503 1636 543 mul·

353 563 397 593 ra
416 552 555 607 passim
575 553 840 594 Grammatici.
864 568 906 594 v.
924 554 1160 608 Stephanum
1182 555 1220 594 in
1251 555 1479 610 Paralipom.
1499 570 1538 611 p.
1566 570 1634 609 70.

354 606 504 648 Utrum
530 620 631 648 vero
659 608 699 647 in
722 607 927 648 scribendo
944 607 1095 663 semper
1119 608 1317 650 omiserint
1343 610 1521 651 vocalem
1544 622 1633 652 ante

353 661 518 702 alteram
531 671 699 708 veteres,
717 674 798 702 non
813 661 1076 716 prodiderunt.
1097 664 1185 716 Περὶ
1206 663 1248 703 δι
1269 666 1340 717 πρὸ
1354 664 1534 705 vocalem
1546 678 1636 718 per-

353 725 478 809 peltuo
501 715 694 763 retinent,
713 717 893 769 quamvis
917 715 1098 770 sequatur
1127 717 1289 758 vocalis.
1311 717 1443 758 Primo
1465 719 1633 772 migrare

372 783 398 808 o
414 779 454 809 et
504 768 711 809 raecedens
728 771 854 810 tenuis
874 770 913 810 in
944 770 1162 824 aspiratam.
1178 772 1269 811 Hoc
1289 784 1362 812 nos
1381 772 1524 813 docent
1536 773 1640 827 lapi-·
1715 810 1719 820 ,

354 823 444 870 des,
533 822 700 863 Codices
731 823 932 864 castiflimi.
957 823 1070 866 Circa
1100 824 1167 865 Ol.
1189 824 1385 875 CXXIV,¹
1402 839 1486 867 non
1514 826 1634 880 longe

355 877 447 931 post
461 877 705 929 Thucydidis
723 888 916 932 tempora,
930 878 1233 920 Monumentum
1253 879 1507 921 Adulitanum
1526 881 1636 921 exhi-

358 931 518 972 bet‘Tsp
537 925 625 972 “EN:
643 925 809 971 ΜΕΘἍ.
829 931 926 973 Insc.
949 933 1054 986 apud
1074 932 1290 974 Gruterum
1308 933 1360 975 U.
1373 932 1422 974 C.
1444 934 1539 986 676,
1563 934 1633 976 Ol.
1718 939 1722 948 ;

357 985 564 1032 CLXXV,
593 985 764 1026 eiusdem
794 986 1002 1039 scripturae
1026 986 1149 1040 legem
1180 986 1308 1027 servat
1341 990 1496 1038 ΑΦΟΤ,
1522 989 1634 1030 nullo

357 1039 462 1080 inter
480 1038 644 1080 voculas
664 1039 789 1094 spatio
804 1040 949 1081 relieto.
975 1040 1131 1081 Foedus
1145 1039 1287 1082 Prians.
1309 1041 1352 1082 δι
1375 1041 1631 1096 Hyerapyrn.

357 1094 461 1135 inter
485 1094 689 1134 Marmora
710 1094 955 1135 Oxonienfia
987 1094 1289 1149 antiquiffimum
1322 1094 1438 1136 habet
1462 1100 1559 1136 ΑΦΩ
1590 1097 1633 1138 &
1686 1102 1689 1105 '

359 1151 503 1189 ΑΦΑΣ.
540 1148 572 1188 Ε
601 1149 787 1202 igramma
818 1149 1056 1189 Hermarum
1088 1148 1186 1189 stelis
1221 1147 1444 1203 inscriptum
1467 1180 1480 1199 ,
1509 1149 1551 1191 δι
1581 1151 1632 1191 ab
1715 1170 1717 1174 ⁴

358 1201 553 1243 Aeschine
587 1203 769 1243 audatum
783 1201 1067 1248 ‚consentiente
1089 1202 1241 1244 Aemilii
1259 1202 1367 1243 Porti
1387 1203 1519 1244 codice
1539 1204 1634 1244 παῦ’
1717 1231 1719 1237 -

354 1249 669 1310 “Oanos-slipi&
694 1258 732 1296 in
761 1255 916 1311 Asclep.
947 1258 1052 1311 apud
1078 1257 1294 1299 Gruterum
1321 1259 1425 1308 634,
1459 1272 1507 1306 1,
1533 1262 1636 1298 ΠΑΙ-

360 1315 505 1350 ΔΕΙΗΣ
523 1314 698 1351 ΘΙΕΡΗΣ.
719 1311 762 1351 &
778 1315 897 1350 ΣΩΜ.
916 1311 1012 1352 Ibid.
1036 1325 1130 1362 701,
1158 1325 1222 1358 ιο,
1243 1314 1421 1351 ΜΗΤΕΡΑ
1442 1314 1472 1350 T
1494 1315 1636 1352 Apzo-
1707 1326 1711 1330 ’

360 1370 491 1405 ΪΕΝΗ.
517 1364 620 1419 769,
646 1379 686 1414 4,
703 1369 842 1405 MNHM
862 1368 1050 1413 ΑΡΕΤΗΣ.
1075 1367 1178 1418 769,
1201 1380 1244 1415 4,
1267 1368 1636 1408 ΣΩΜΑΓΕΠΑΎΣΕ.

359 1418 442 1459 810
456 1450 470 1469 ‚
494 1431 532 1472 3,
550 1423 722 1462 ΟΎΜΟΣ
747 1423 912 1462 ΠΟΣΙΣ.
937 1418 1085 1463 Confer
1107 1418 1210 1472 869,
1229 1433 1266 1474 9.
1284 1417 1383 1460 Insc.
1403 1419 1446 1459 in
1468 1419 1635 1460 Menan·

361 1474 478 1514 drum
506 1486 593 1528 pag.
623 1486 756 1527 1037,
786 1487 830 1521 1,
853 1477 944 1512 ΚΑΤ
975 1476 1276 1515 ΟΦΘΑΛΜΟΎΣ
1294 1503 1308 1522 ‚
1332 1474 1376 1515 δι
1393 1476 1487 1515 ΤΗΣ
1514 1479 1577 1514 ΔΕ
1606 1477 1634 1514 Γ
1702 1482 1713 1530 s

360 1531 607 1570 ΟΜΗΡΕΙΗΣ.
633 1541 761 1581 1035,
789 1541 854 1575 12,
874 1532 1084 1568 ΚΟΎΚΕΤΙ.
1117 1526 1234 1579 1036,
1255 1530 1366 1568 MOII’
1389 1530 1631 1568 EHEKPANE.
1713 1551 1717 1561 ι

365 1581 492 1630 1068,
521 1595 556 1629 1,
578 1588 629 1621 ΔΙ
659 1586 804 1624 ΟΛΟΤ.
829 1581 949 1636 Apud
975 1582 1163 1636 Raphael.
1184 1581 1407 1622 Fabrertum
1433 1580 1516 1630 ΠΙ,
1539 1581 1636 1631 448,
1707 1594 1711 1604 ⁸

361 1640 461 1675 ΤΟΥ
483 1639 512 1673 Τ
538 1639 744 1676 ΕΠΑΘΟΝ.
765 1635 860 1679 Insc.
881 1636 984 1690 apud
1002 1636 1238 1686 Whelerum
1259 1650 1296 1690 p.
1326 1634 1373 1688 38
1424 1636 1525 1676 circa
1550 1637 1634 1675 Ha·
1709 1669 1711 1671 .

361 1689 483 1733 driani
502 1699 680 1744 tempora
702 1693 1025 1732 ΠΑΡΕΚΑΣΤΟὙ.
1047 1690 1180 1732 Altera
1193 1690 1297 1743 apud
1315 1689 1346 1730 F
1398 1699 1541 1730 tetrum
1560 1689 1633 1738 IX,

367 1757 466 1797 523,
489 1742 552 1784 sed
574 1743 816 1792 Christiana,
836 1746 970 1786 HENT’
986 1747 1193 1792 ΛΝΔΡΩΝ,
1212 1744 1255 1784 &
1283 1742 1363 1784 ΑΠ’
1385 1747 1633 1785 ΔΝΤΟΛΙΗΣ.
1706 1744 1708 1746 ’

362 1798 431 1846 X,
455 1812 556 1848 442,
576 1802 765 1843 ΚΔΛΛΟΣ
798 1801 901 1838 ΔΑΤ
926 1802 1046 1841 ΜΕΤΑ
1082 1802 1266 1839 MOIPAN.
1290 1797 1418 1838 Etiam
1442 1810 1535 1838 cum
1568 1810 1635 1838 ac·
1709 1815 1711 1851 j

361 1862 464 1893 cent.
482 1852 558 1901 IV,
581 1852 844 1903 216,.AE2?.1A
866 1851 912 1892 A’
938 1856 1196 1895 ΑΝΔΕΤ-ΑΦΗ.
1217 1851 1262 1892 &
1289 1852 1337 1892 Δ’
1357 1854 1514 1892 ΑΙΔΑΝ.
1536 1850 1634 1892 Insc.
1707 1883 1723 1906 ζ

361 1905 466 1960 apud
485 1905 674 1960 Sponium
698 1920 736 1961 p.
761 1920 835 1969 334
859 1905 1012 1947 Miscell.
1033 1904 1390 1947 A4E2T1A2Jnsc.
1411 1916 1529 1946 vetus
1546 1905 1632 1958 Cy·
1699 1929 1703 1931 -
1722 1908 1726 1918 “

359 1962 496 2002 zicena
522 1962 626 2014 apud
650 1961 843 2016 Sponmm
870 1973 956 2016 pag.
991 1961 1065 2014 336
1097 1963 1331 2000 ΤΦΕΑΎΤΩ.
1365 1958 1503 2000 Altera
1530 1959 1635 2013 apud
1684 1956 1686 1960 ’

362 2014 583 2056 Gruterum
617 2012 726 2057 circa
751 2026 929 2070 tempora
957 2013 1196 2064 βασιλικῶν,
1218 2025 1264 2055 ut
1292 2026 1343 2055 ex
1364 2026 1468 2054 voce
1496 2013 1635 2064 φίσκος

361 2080 469 2123 patet
493 2083 597 2124 749,
628 2084 678 2120 4,
696 2074 794 2110 »ΕΦΩ
821 2070 1068 2113 coniunaim.
1090 2069 1164 2110 Sed
1191 2081 1263 2110 nec
1282 2066 1538 2122 apostrophus
1565 2079 1633 2107 ne-

363 2123 488 2176 glecta
509 2124 682 2164 librariis.
705 2124 807 2165 Nam
830 2124 871 2164 in
894 2123 1041 2166 Codice
1063 2123 1302 2166 Menteliano
1318 2121 1380 2163 v1
1400 2120 1545 2167 seculi,
1567 2121 1634 2161 Iu-

363 2178 439 2218 dic.
465 2177 546 2226 IX,
568 2177 637 2227 48,
655 2178 725 2221 m’
745 2181 964 2220 ΕΑΥΤΟΥΣ
986 2177 1136 2220 vifitur.
1159 2177 1297 2218 Codex
1322 2177 1412 2217 item
1425 2174 1479 2216 D.
1503 2175 1634 2216 Lucae
1653 2206 1655 2208 -
1709 2209 1712 2211 Α

362 2231 844 2327 ἓὲυόΒῗωᾶώκοὲἰῖω
852 2231 1124 2328 ῧΊΠΡΫὸωιῗῗῑ
1142 2233 1218 2325 ml}
1233 2228 1634 2325 &Affdsmffgt'afigss

363 2298 521 2379 ’Egosc
539 2297 797 2380 cumegccerilt.
810 2298 1335 2395 Ἀρὸίὶτέῐξέιιιητιζιτεμξκίίῗε
1349 2347 1448 2391 puto
1470 2296 1634 2400 sgipto·
1692 2332 1694 2334 ’

363 2405 427 2434 res
448 2392 619 2434 Ionicos.
642 2393 853 2436 Anacreon
876 2403 1005 2435 tamen
1026 2407 1103 2447 793
1131 2392 1175 2431 x'
1199 2391 1276 2433 ὅσοι
1294 2421 1308 2440 ,
1336 2390 1436 2443 1069
1460 2391 1505 2429 x’
1532 2394 1632 2439 υπὶι,

363 2445 442 2501 855
463 2448 508 2487 θ’
537 2446 575 2486 ἑο
597 2447 706 2496 ταῖς,
739 2447 782 2488 δι
815 2447 916 2490 alibi.
955 2446 1202 2511 Hippocratis
1232 2444 1468 2500 exemplaria
1497 2443 1632 2507 passim
1688 2463 1691 2481 ;
1719 2444 1731 2450 ”

361 2499 543 2552 servant,
566 2464 629 2544 fed
657 2500 802 2557 opinor
831 2499 1010 2551 mendose
1019 2530 1035 2558 ξ
1056 2515 1134 2566 ουχ,
1163 2498 1301 2555 ὅράτριι
1315 2529 1330 2551 ,
1358 2511 1441 2553 non
1464 2493 1543 2540 οὐκ.
1568 2498 1632 2551 υφ’
1694 2488 1702 2523 Ῐ
