1734 3158
394 244 488 306 276
683 241 1380 291 THUCYDIDIS

396 330 640 392 Πειθίοιν,
622 358 695 395 ecoe
715 330 776 388 ἔτι
795 334 991 398 βουλης’
980 359 1090 392 εστι,
1111 332 1291 409 μέλλειν
1310 360 1356 388 το
1379 335 1538 398 πληθος
1556 340 1667 390 ἀνοσ-

399 418 557 465 mlo-etv
573 436 663 471 τους
678 409 829 471 οιύτους
848 411 1072 473 Ἀθηναίοις
1091 419 1247 475 φίλους
1264 435 1309 464 τε
1328 435 1406 464 κοιι
1426 411 1590 488 ἐχθρους
1604 438 1665 467 νο-

395 493 548 558 μίξειν,
567 487 808 552 ξυνίσταντο
817 510 861 540 τε
874 525 887 543 ,
908 511 985 540 κοιι
1004 489 1215 550 λοιβόντες
1234 489 1491 560 ἐγχειρίδια,
1510 491 1664 553 {Zam-

395 570 518 622 νοιίως
534 567 574 623 ἒς
586 588 653 626 την
670 557 832 626 βουλην
850 564 1082 623 ἐσελθόντες
1092 603 1104 621 ,
1119 565 1184 618 τόν
1196 587 1242 618 τε
1256 565 1433 617 Πειθίοιν
1449 571 1661 621 κτείνουσι,

396 663 475 692 κοιι
496 639 663 698 ἄλλους
680 664 760 692 των
778 661 823 691 τε
837 639 1080 701 βουλευτων
1097 664 1175 693 κοιι
1154 638 1407 696 ἰδιωτων,’
1397 663 1435 699 ες
1451 638 1662 704 {inmortua

397 722 432 768 οἱ
443 713 500 766 δε
516 739 616 774 τινες
640 739 711 776 της
728 714 858 776 οιύτης
884 737 1059 786 γνωμης
1078 740 1139 789 τῳ
1116 717 1342 773 Πειθίοι,
1366 722 1507 783 ὀλίγοι
1532 720 1572 776 ἐς
1593 740 1662 779 την

398 785 591 853 Ἀττιιιην
610 788 738 864 τριήρη
757 787 1009 856 κοιτέφυγον
1029 788 1088 844 ἒτι
1107 793 1340 865 ποιροῧσοιν.

468 890 545 919 οοι.
573 866 828 939 Δράσοιντες
847 858 892 918 δε
917 867 1055 923 τοῦτο,
1079 892 1157 919 κοιι
1176 865 1536 965 ξυγκαλέσαντες
1537 869 1660 959 Κερ-

391 949 601 1034 κυροιιόυς,
621 965 733 995 ειπον
753 941 812 994 ὅτι
831 942 976 995 τοιῧτοι
994 966 1071 995 κοιι
1090 941 1361 1006 βέλτιστοι’
1332 945 1410 1005 εἴη,
1425 968 1503 997 κοιι
1522 942 1659 1006 nmo-‘1³

390 1016 443 1072 ἂν
467 1020 747 1072 ὃουλωθειεν
729 1019 801 1070 υπ’
821 1019 1056 1106 'AONnmc‘ffov
1084 1020 1152 1076 τί,
1173 1042 1220 1073 τε
1248 1015 1396 1073 λοιπον
1422 1018 1658 1111 μηδετέρους

389 1093 612 1158 &exso-Suc
640 1098 752 1146 ἀλλ’
776 1118 800 1155 η
826 1093 916 1166 μιῖι
940 1119 997 1156 νηι
1021 1096 1335 1162 ἦσυχοίζοντοις,
1356 1120 1401 1148 το
1430 1088 1476 1148 δε
1503 1094 1655 1153 πλέον,
1706 1142 1708 1145 -

390 1168 614 1262 πολέμιον
613 1169 846 1236 hym-Sua.
867 1172 923 1228 ὡς
937 1163 1044 1223 ὃε
1003 1181 1134 1229 εἷπον,
1153 1196 1231 1225 κοιι
1245 1171 1503 1268 ἐπικυρωσοιι
1518 1172 1657 1238 mady-

391 1270 541 1300 κοιο-οιν
571 1270 638 1308 την
668 1268 853 1316 γνωμην.
880 1243 1104 1318 πέμπουσι
1133 1240 1177 1300 ὃε
1202 1272 1279 1300 κοιι
1311 1251 1351 1307 ἒς
1374 1271 1455 1306 τοις
1481 1249 1656 1310 Ἀθήναις

389 1322 502 1383 ευθυς
519 1320 745 1398 πρέσβεις,
769 1328 868 1396 περί
881 1345 927 1376 τε
946 1348 1024 1376 των
1051 1320 1367 1399 πεπραγμένων
1392 1323 1652 1389 ὃιὸοίξοντοις,

383 1477 493 1519 curia
503 1477 825 1533 prohiberentur,
844 1478 957 1521 fimul
971 1480 1087 1520 etiam
1102 1479 1300 1529 audirent,
1311 1479 1496 1531 pithiam,
1518 1493 1654 1535 quam-

381 1549 448 1589 diu
461 1547 615 1590 senator
636 1548 751 1600 esset,
765 1548 1002 1590 multitudini
1018 1548 1288 1604 persuasurum
1300 1581 1312 1600 ,
1324 1561 1371 1591 ut
1387 1549 1540 1591 eosdem
1561 1550 1653 1590 ami-

378 1631 449 1659 cos
463 1649 475 1668 ,
499 1617 702 1674 hostesque
723 1619 904 1669 duceret,
929 1631 1031 1673 quos
1049 1618 1325 1669 Athenienses;
1350 1619 1449 1661 faeta
1467 1619 1651 1661 coniura-

375 1698 510 1729 torum
539 1700 677 1737 manu,
710 1701 801 1729 cum
824 1687 1059 1742 pugionibus
1086 1687 1126 1726 in
1151 1686 1323 1728 senatum
1357 1701 1408 1729 ex
1432 1687 1650 1743 improviso

378 1757 621 1812 irrumpunt,
646 1756 689 1798 &
708 1769 801 1797 cum
828 1756 955 1811 ipsum
978 1756 1139 1797 Pithiam
1152 1787 1165 1806 ‚
1185 1767 1272 1797 tum
1289 1758 1404 1798 etiam
1422 1757 1542 1806 alios,
1566 1769 1650 1798 tam

379 1829 625 1880 senatorum,
645 1842 765 1884 quam
789 1829 1036 1884 privatorum
1058 1828 1286 1878 hominum,
1307 1829 1354 1869 ad
1375 1827 1569 1882 sexaginta
1588 1830 1650 1870 ina

378 1898 585 1940 terficiunt.
609 1898 724 1940 Pauci
750 1911 851 1939 vero
871 1898 1052 1952 quidam,
1075 1897 1144 1951 qui
1166 1910 1256 1939 cum
1281 1897 1405 1938 Pithia
1433 1896 1648 1949 senserant,

379 1968 428 2009 ad
446 1968 620 2010 Atticam
642 1969 859 2018 triremem,
881 1981 983 2023 quae
1002 1967 1127 2008 adhuc
1150 1968 1302 2018 aderat,
1324 1966 1566 2021 confugiunt.

428 2038 569 2078 LXXI.
596 2039 687 2079 Hoc
711 2037 881 2079 facinore
907 2024 1130 2093 perpetrato
1143 2067 1155 2088 ,
1175 2038 1218 2079 &
1242 2038 1471 2079 convocatis
1487 2036 1645 2090 Corcy-

373 2109 494 2157 raeis,
517 2109 696 2149 dixerunt
717 2108 812 2149 haec
835 2109 984 2163 optima
1003 2107 1100 2158 effe,
1120 2118 1238 2162 atque
1257 2107 1334 2149 hoc
1350 2107 1470 2148 modo
1483 2106 1643 2160 Corcy-

373 2189 489 2217 raeos
508 2177 548 2216 in
566 2175 793 2218 servitutem
812 2176 861 2217 ab
880 2175 1179 2217 Athenienfihus
1193 2177 1352 2218 minime
1369 2176 1565 2218 redaRum
1585 2176 1645 2218 iri.

374 2259 420 2286 ac
449 2247 489 2286 in
512 2246 710 2300 posterum
734 2258 918 2298 neutros,
951 2246 1024 2287 nifi
1049 2261 1136 2288 cum
1161 2246 1317 2301 singulis
1343 2247 1509 2288 navibus
1529 2247 1643 2288 veni-

371 2325 482 2364 rent,
500 2328 523 2355 a
542 2315 782 2369 Corcyraeis
806 2317 953 2370 pacatis
979 2317 1240 2370 recipiendos:
1262 2313 1291 2356 fi
1310 2329 1411 2357 vero
1435 2329 1527 2357 cum
1553 2316 1641 2371 plu·

373 2385 506 2437 ribus,
537 2399 607 2426 eos
638 2387 679 2427 in
702 2386 872 2428 hostium
897 2400 1064 2428 numero
1100 2387 1269 2441 locoque
1294 2387 1502 2428 ducendos.
1533 2387 1638 2429 Cum

371 2464 503 2495 autem
527 2454 624 2496 haec
639 2455 834 2504 dixissent,
855 2457 1045 2512 populum
1066 2457 1106 2497 in
1127 2455 1234 2498 suam
1259 2456 1483 2497 sententiam
1505 2456 1637 2498 decre·

369 2533 453 2571 tum
469 2523 596 2570 facere
612 2529 847 2581 coegerunt:
866 2526 1067 2582 statimque
1081 2526 1228 2582 legatos
1241 2525 1415 2568 Athenas
1429 2525 1615 2569 miserunt
1620 2541 1635 2578 ‚·
