1734 3158
305 236 519 271 -102⁴
656 218 1346 268 THUCYDIDIS

363 322 584 419 Κορίνθιος,
622 345 701 375 και
730 321 1082 419 Λακεδαιμονίων
1119 316 1343 392 melo-fiete,
1375 313 1632 393 Ἀνηριστος,

363 422 442 451 και
463 399 709 457 Νικολαος,
727 421 806 451 και
785 395 1124 470 Πρατόδημος,
1140 420 1219 450 και
1198 395 1464 462 Τεγεάτης
1477 397 1634 466 Τιμα-

363 474 520 548 γόρας,
551 499 629 528 και
656 476 845 566 Ἀργειος
871 474 981 530 ἰδία,
1008 473 1180 531 Πολις,
1210 474 1468 566 πορευόμενοι
1499 475 1539 531 ἐς
1563 497 1634 536 την

363 552 565 604 ’‘Ao-ww
539 576 594 610 ως
612 549 839 614 βασιλέα,
862 550 991 608 εἴπως
1008 556 1202 603 πείσειαν
1223 545 1344 602 αὐτον
1359 548 1575 623 χρηματα
1588 570 1634 602 τε

364 626 568 700 παρέχειν
584 651 662 680 και
687 629 1000 717 ξυμπολεμειν,
1021 626 1302 690 αφικνουνται
1326 628 1381 684 ὡς
1404 625 1634 687 Σιτάλκην

365 729 523 797 πρωτον
540 728 605 757 τον
621 703 797 778 Tn'peco’
787 726 827 762 ες
846 695 1024 777 Θρακην
1035 740 1048 758 ,
1063 703 1312 773 βουλομενοι
1327 704 1485 754 ποια-αἶ
1491 725 1537 755 τε
1552 706 1633 754 αὐ-

364 805 430 834 τον
441 819 452 837 ,
468 804 500 833 ει
491 779 692 833 ’δύναιντο
703 818 715 836 ,
732 801 1020 871 μετασταντα
1033 803 1104 839 της
1121 779 1340 840 Ἀθηναίων
1355 781 1635 848 ξυμμαχίας,

364 858 630 931 στρατεῦσαι
657 854 726 909 ἐπ-ι
752 881 821 917 την
848 855 1110 910 Ποτίδαιαν,
1137 851 1184 905 οὗ
1212 850 1253 916 ἦν
1279 855 1535 928 στράτευμα
1557 878 1638 908 των

365 934 588 996 Ἀθηναίων
614 946 873 1006 πολιορκουν
902 955 979 984 και
1007 954 1186 984 παυσαι
1214 933 1373 993 βοηθειν
1397 954 1442 984 τε
1472 934 1633 990 αὐτοις,

363 1034 444 1063 και
466 1033 569 1078 ἥπερ
588 1007 766 1082 ἑαρμηντο
778 1047 789 1065 ,
808 1009 886 1060 δι’
876 1014 1019 1061 εκείνου
1038 1006 1275 1081 πορευθηναι
1294 1006 1424 1082 πέραν
1439 1007 1511 1060 τοῧ
1527 1007 1636 1059 Ελ-

365 1086 604 1148 ληο-ποντου
632 1088 687 1144 ὡς
720 1081 1010 1176 Φαρνακην
970 1109 1034 1137 τον
1045 1084 1356 1175 Φαρναβάζου
1369 1123 1382 1141 ,
1414 1083 1457 1143 ος
1488 1081 1637 1141 αὐτους

366 1159 550 1233 ἔμελλεν
586 1164 643 1220 ὡς
673 1158 881 1224 βασιλέα
914 1157 1204 1232 ἀναπεμψειν.
1238 1159 1559 1234 παρατυχόντες
1592 1151 1639 1211 δε

366 1241 586 1301 ἩΑθηναιων
623 1236 848 1312 πρέσβεις,
885 1235 1088 1331 Λέαρχος
1123 1241 1141 1288 ὁ
1178 1237 1526 1309 Καλλιμάχου,
1555 1258 1634 1289 και

365 1315 672 1387 Ἀμεινιαδης
656 1339 674 1367 o
696 1313 936 1386 Φιλημονος
964 1336 1089 1388 παρα
1111 1338 1171 1366 τω
1198 1313 1430 1381 Σιτάλκη,
1452 1316 1636 1366 πειθουσι

419 1477 581 1518 LXVII.
600 1478 742 1518 Eadem
757 1477 917 1519 aestate
908 1491 983 1518 iam
1001 1488 1174 1519 extrema
1184 1509 1196 1528 ‚
1208 1477 1381 1519 Aristeus
1391 1474 1641 1526 Corinthius,

366 1545 410 1587 &
438 1545 833 1586 Lacedaemoniorum
852 1545 993 1599 legati,
1018 1544 1218 1586 Aneristus
1233 1575 1244 1595 ‚
1265 1545 1476 1596 Nicolaus‚
1502 1545 1638 1586 Prato-

365 1615 502 1656 demus
514 1645 526 1664 ‚
547 1615 590 1654 δε
611 1614 842 1668 Timagoras
863 1615 1058 1669 Tegeates
1070 1647 1082 1666 ‚
1111 1616 1154 1656 δι
1173 1614 1244 1656 suo
1262 1616 1421 1657 nomine
1442 1615 1545 1657 Polis
1560 1615 1639 1656 Ar-

365 1685 505 1738 givus,
534 1684 626 1725 dum
651 1686 724 1725 iter
754 1683 924 1726 facerent
945 1687 986 1726 in
1010 1686 1142 1727 Afiam
1163 1687 1210 1727 ad
1231 1701 1387 1741 regem,
1418 1686 1447 1727 fi
1472 1699 1551 1741 qua
1574 1697 1637 1726 ra-

364 1755 472 1795 tione
496 1754 531 1794 ei
555 1752 779 1808 persuadere
800 1753 976 1808 poffent,
999 1766 1044 1796 ut
1062 1755 1134 1796 fibi
1153 1757 1358 1811 pecuniam
1380 1755 1511 1805 daret,
1529 1755 1640 1796 belli-

363 1837 445 1878 que
470 1823 692 1865 societatem
714 1823 844 1865 secum
867 1826 1004 1877 iniret,
1024 1827 1194 1882 primum
1218 1827 1258 1867 in
1276 1826 1486 1868 Thraciam
1509 1825 1557 1866 ad
1578 1825 1639 1867 Si-

364 1893 503 1934 talcem
527 1893 655 1934 Terae
673 1892 798 1934 filium
819 1894 996 1945 iverunt,
1018 1897 1241 1950 cupientes,
1255 1894 1283 1935 fi
1301 1894 1475 1949 poss'ent,
1496 1894 1534 1934 ei
1554 1907 1641 1949 per-

363 1960 524 2002 suadere
533 1991 544 2009 ,
559 1971 605 2002 ut
615 1994 627 2012 ,
640 1961 773 2002 reli&a
784 1961 1083 2003 Atheniensmm
1093 1962 1278 2004 societate
1288 1994 1300 2013 ,
1313 1963 1361 2003 ad
1379 1961 1489 2003 suam
1503 1961 1640 2003 tranfi-
1684 1962 1686 1964 ’

364 2041 449 2081 ret,
473 2031 516 2071 &
544 2031 766 2073 coniunffls
793 2033 908 2072 armis
930 2032 1060 2074 secum
1086 2033 1310 2074 Potidaeam
1337 2033 1430 2082 iret,
1463 2032 1533 2073 ubi
1556 2043 1639 2073 erat

364 2101 661 2143 Athenienfium
683 2102 899 2151 exercitus,
923 2104 994 2157 qui
1012 2103 1153 2144 urbem
1181 2099 1401 2152 obfidebat;
1423 2113 1547 2157 utque
1567 2115 1640 2143 eos

364 2173 443 2215 suis
461 2172 615 2213 auxiliis
639 2172 799 2214 iuvandi
819 2171 937 2213 finem
966 2171 1132 2222 faceret,
1158 2173 1308 2228 {ibique
1323 2172 1486 2223 adeffet,
1507 2183 1552 2214 ut
1572 2172 1640 2214 illo

366 2242 595 2290 adiuvante,
617 2255 700 2295 quo
719 2241 1061 2297 proficiscebantur
1073 2275 1086 2294 ‚
1112 2243 1167 2285 ire
1191 2242 1343 2298 poffent
1363 2253 1470 2285 trans
1490 2242 1640 2284 Helles-

365 2325 535 2368 pontum
555 2314 602 2354 ad
624 2314 862 2354 Pharnacem
887 2312 1122 2354 Pharnabazi
1147 2312 1273 2354 filium
1288 2343 1300 2361 ‚
1325 2315 1392 2368 qui
1414 2326 1485 2354 eos
1503 2314 1552 2354 ad
1576 2327 1638 2355 re-

362 2395 452 2436 gem
479 2393 562 2423 erat
580 2382 825 2425 deduekurus.
855 2382 929 2424 Sed
945 2396 1037 2423 cum
1061 2381 1165 2423 forte
1183 2381 1478 2423 Atheniensium
1500 2382 1638 2437 legati,

364 2451 561 2494 Learchus
577 2453 827 2503 Callimachi,
845 2453 886 2494 &
901 2452 1130 2494 Ameniades
1148 2451 1380 2494 Philemonis
1399 2451 1521 2502 filius,
1535 2452 1639 2507 apud

362 2521 552 2564 Sitalcem‘
573 2533 669 2565 tunc
702 2521 893 2574 adessent,
928 2522 1079 2566 Sadoco
1110 2522 1276 2567 sitalcae
1309 2522 1392 2565 filio
1409 2554 1422 2574 ,
1452 2522 1521 2579 qui
1544 2522 1639 2566 civis
