1760 3152
488 315 975 390 EPITOM.E
1039 316 1337 367 LIBRI
1401 320 1475 367 II.

426 434 470 481 T
467 445 627 483 HEBA
636 446 727 486 NI.
752 437 827 499 qui
850 437 973 481 noctu
987 452 1069 500 per
1083 437 1368 501 proditionem
1393 454 1622 503 occupave-

346 519 451 555 rant
479 507 732 556 Plataeam,
757 508 809 552 ab
833 508 1052 572 oppidanis
1074 511 1240 573 partim
1272 512 1422 573 σαψ,
1450 514 1620 576 partim

351 582 469 645 capti
478 579 602 642 sunt.
624 579 736 641 Cap.
758 591 834 626 VI.
858 578 1118 653 Quofaflo,
1147 584 1287 646 ruptis
1313 594 1457 647 aperte
1467 581 1621 647 foede-

346 655 498 702 ribus,
538 654 736 715 utrinque
781 653 834 697 ab
870 653 1194 717 Athenienfibus
1230 655 1273 700 cb
1308 654 1622 720 Peloponnefiis

332 728 512 790 summa
527 729 572 774 vi
596 726 751 771 bellum
765 727 924 791 parari
939 739 1128 792 coeptum
1145 729 1214 790 est.
1238 727 1343 774 Cum
1351 731 1519 793 priores
1535 729 1622 775 Pe·-

348 799 600 865 loponnefii',
628 797 731 843 duce
754 798 1013 844 Archidamo
1041 817 1142 861 rege
1160 799 1617 850 Lacedaemoniorum,

347 875 542 919 Atticam
560 871 801 934 invafiffint
812 888 830 918 ‚·
852 871 1064 920 Pericles,
1087 872 1363 934 Athenienses
1387 874 1448 920 ad
1468 874 1622 920 bellum

332 944 630 1008 szfiinendum
645 942 897 988 exhortatus
907 977 922 990 ,
939 939 1051 987 inter
1065 953 1207 988 cetera
1222 943 1475 1007 reipublicae
1490 961 1621 1005 agros

334 1018 447 1081 suos
478 1017 676 1066 donavit,
710 1016 961 1077 rogavitque
998 1013 1300 1076 Athenienses,
1317 1016 1371 1078 fl
1395 1015 1521 1080 forte
1556 1034 1624 1062 eos

347 1108 434 1138 non
461 1090 646 1136 laederet
673 1088 821 1152 hostis,
858 1089 925 1133 uti
953 1087 1002 1132 ob
1025 1102 1118 1134 eam
1143 1105 1232 1133 rem
1259 1088 1425 1134 nullam
1455 1088 1504 1135 de
1537 1089 1625 1154 ipso

347 1167 616 1230 conciperent
624 1163 925 1228 suspicionem.
945 1174 1069 1208 XIII.
1087 1162 1382 1228 Peloponnefii
1395 1163 1623 1210 Acharnas

348 1238 476 1301 usque
485 1235 780 1303 populabundi
787 1245 1101 1300 pervenerunt,
1123 1251 1284 1295 magna
1309 1251 1402 1279 cum
1419 1236 1624 1297 indigna-

349 1313 462 1356 tione
475 1308 613 1374 plebis
630 1309 674 1353 in
695 1306 932 1355 Periclem,
956 1309 1073 1353 exire
1092 1318 1241 1353 contra
1261 1307 1627 1373 hostesprohiben-
1695 1314 1697 1317 '

349 1395 449 1429 tem.
474 1395 612 1429 XXII.
640 1381 961 1444 Athenienfium
991 1382 1150 1444 equites
1174 1383 1219 1427 in
1242 1380 1446 1445 Phrygiis
1460 1382 1625 1447 fugati

334 1457 463 1519 sunt.
486 1456 574 1521 Ipfi
602 1471 698 1500 cum
728 1454 772 1499 in
800 1455 934 1500 aciem
961 1469 1042 1499 non
1064 1453 1312 1517 prodirent,
1337 1453 1626 1519 Peloponnefii

347 1527 518 1573 domum
543 1536 822 1573 reverterunt.
844 1536 1009 1573 XXIII.
1035 1526 1283 1586 Aeginetis,
1309 1527 1360 1572 ab
1385 1527 1623 1574 Athenien-

334 1602 463 1666 fibus
487 1601 649 1666 puffls,
684 1598 1012 1645 Lacedaemonii
1040 1614 1166 1658 agros
1196 1598 1411 1644 dederunt.
1443 1612 1624 1647 XXVII.

349 1674 429 1719 Sol
451 1672 621 1736 defecit.
645 1681 850 1717 XXVIII.
871 1667 1146 1729 Athenienses
1157 1668 1410 1729 societatem
1431 1687 1527 1716 cum
1550 1672 1627 1717 Si-

350 1744 466 1790 talce
484 1742 696 1787 Thraciae
719 1756 819 1802 rege
839 1741 1090 1785 iunxerunt.
1109 1738 1341 1786 XXIX.Ea
1355 1740 1487 1786 hieme
1506 1741 1626 1803 exse-

349 1819 474 1882 quias
499 1815 602 1862 bello
622 1813 998 1877 cazfisfecerunt:
1022 1828 1123 1875 quos
1139 1811 1328 1859 Pericles
1345 1815 1544 1878 princeps
1562 1816 1627 1860 ci·-

349 1891 502 1938 vitatis
526 1887 734 1934 laudavit.
763 1898 959 1934 XXXIV.
985 1885 1192 1948 Sequente
1211 1903 1320 1932 anno
1336 1886 1628 1952 Peloponnefii

349 1961 508 2007 iterum
528 1959 722 2004 Atticam
743 1957 938 2018 ingreffi,
951 1957 1220 2020 pqsteaquam
1229 1955 1472 2019 saevzffima
1488 1959 1627 2004 Athe-

267 2027 270 2031 ’
350 2051 433 2081 nas
445 2033 574 2099 pestis
597 2031 779 2094 invafit:
804 2031 882 2094 ipst
896 2029 1174 2094 perpopulato
1198 2032 1313 2077 omni
1331 2047 1438 2092 agro
1455 2031 1625 2078 domum

342 2108 398 2171 se
424 2116 683 2171 receperunt.
719 2114 897 2151 XLVII,
929 2113 1065 2149 LVII.
1092 2101 1278 2164 Legatos
1305 2101 1626 2169 Peloponnefio-

350 2197 478 2228 rum,
514 2178 572 2224 ad
600 2175 831 2238 Persarum
871 2186 1016 2221 euntes
1056 2191 1234 2236 regem.
1269 2175 1544 2237 Athenienses
1575 2179 1622 2222 in

349 2251 552 2299 *Thracia
579 2252 831 2313 interceptos
853 2253 1084 2294 necarunt.
1108 2257 1282 2294 LXVII.
1308 2246 1539 2294 Potidaeae
1564 2248 1625 2295 ad

352 2325 458 2372 haec
493 2324 648 2372 deditio
687 2324 730 2374 <b
766 2321 972 2390 Plataeae
1008 2323 1264 2388 oppugnatio
1315 2321 1620 2386 describuntur.

352 2408 477 2444 IXX.
505 2406 671 2445 LXXV.
