1734 3158
343 203 441 256 '420
546 191 1418 242 ANNOTATIONES

346 278 397 320 sa
424 277 540 333 μοῖρα.
565 278 656 322 θεῶν
684 279 807 333 χρειώ
828 294 873 320 τε
897 278 1060 334 περῆσαι
1083 279 1234 322 'Eveo'ess
1251 280 1352 323 κῶοις
1365 282 1619 326 ’ἜΧΟΝΤΑΣᾹ

345 332 501 374 Verum
524 334 688 387 primum
703 365 715 384 ‚
733 333 762 373 fi
786 333 986 386 Dionyfio
1010 334 1119 375 licuit
1141 336 1278 376 dicere·
1290 335 1425 389 ἐξεῖναι
1439 337 1616 388 μηθένα,

345 399 396 427 ex
412 400 463 427 eo
481 400 562 427 non
590 387 839 441 consequitur
854 420 866 438 ‚
888 389 1015 428 itidem
1031 388 1135 429 recte
1157 390 1229 429 dici
1251 389 1431 444 σύμφορόν
1448 390 1530 431 ἐστι
1548 393 1616 433 τὴν

345 439 483 481 πάντα
501 440 645 492 ὅμιλον.
674 441 848 491 Deinde,
874 442 962 483 duo
981 442 1043 482 illa
1066 442 1154 483 loca
1201 446 1378 484 oetarum
1400 457 1483 485 non
1511 444 1615 486 reae

347 508 438 536 cum
466 495 556 535 loco
580 495 822 547 Thucydidis
844 507 1146 550 componuntur.
1209 511 1270 537 am
1297 499 1338 537 in
1363 498 1409 538 iis
1429 497 1618 539 accusati-

345 562 424 589 vus
449 550 640 604 participii
661 550 835 590 dativum
854 550 1142 604 praecedentem
1159 550 1353 605 sequitur3
1374 552 1486 592 cuius
1507 565 1618 593 com·

346 603 571 644 mutationis
593 602 748 643 casuum
763 635 775 651 ‚
796 617 913 657 quam
936 605 1051 644 etiam
1073 617 1107 645 c.
1137 619 1152 644 1
1166 619 1180 644 1
1203 606 1317 646 huius
1336 605 1425 646 libri
1446 606 1486 645 in
1504 607 1618 647 Thu-

346 658 488 710 cydide
523 656 703 697 observat
741 656 992 707 Scholiastes,
1014 658 1214 699 innumera
1244 658 1330 700 sunt
1361 660 1403 699 in
1434 661 1618 701 omnibus

346 721 426 751 tam
458 710 594 765 prosae
619 710 889 765 scriptoribus,
921 724 1040 765 quam
1070 713 1196 766 po‘e‘tis
1211 744 1224 761 ,
1251 713 1439 768 exempla.
1468 714 1515 754 In
1540 715 1618 755 hac

347 766 527 805 oratione
543 777 671 804 autem
692 777 818 819 neque
838 765 990 805 dativus
1015 764 1092 816 est,
1111 779 1237 820 neque
1257 768 1512 822 participium.
1533 768 1619 810 Nec

348 819 519 860 maxima
539 818 653 859 causa
676 818 752 869 est,
777 832 846 860 cur
866 819 929 859 hic
955 818 1105 859 insolita
1129 820 1299 874 enallage
1323 821 1436 862 statui
1462 821 1618 872 debeat,

351 886 446 914 cum
467 886 595 927 neque
615 872 738 912 ullum
759 873 978 927 exemplum
998 872 1214 914 huiusmodi
1234 874 1448 927 συντάξεως
1468 876 1620 916 adieeti-

349 928 395 968 vi
414 926 594 979 σύμφορον
610 925 848 981 proferatur,
863 928 906 968 δι
928 927 1050 968 verba
1067 927 1285 983 simpliciter
1299 929 1354 969 ita
1370 930 1515 983 exponi
1527 930 1618 990 pos-

348 981 443 1031 sint,
469 981 534 1020 καὶ
563 979 742 1035 ξύμφορον
778 977 896 1030 εἶναι,
923 983 987 1022 τὶν
1016 981 1154 1022 πάντα
1175 981 1304 1035 ὅμιλον
1330 1005 1383 1019 —⁴
1401 983 1620 1024 ἑπακουσειι

350 1032 478 1076 αὐτῶν
492 1066 504 1084 ,
527 1035 561 1074 6¹
582 1036 663 1074 utile
684 1035 766 1088 effe,
787 1035 976 1088 univerfizm
1004 1036 1248 1076 multitudinem
1274 1052 1314 1075 ea
1333 1038 1476 1077 audire:
1496 1037 1549 1076 ita
1575 1048 1622 1078 ut

354 1088 533 1142 ξύμφορον
559 1085 651 1129 εἶναι
675 1088 848 1130 absolute
879 1099 1069 1144 ponatur,
1091 1089 1135 1129 &
1167 1088 1373 1131 accusativi
1395 1093 1458 1131 τδν
1474 1090 1619 1131 πάντα.

350 1143 478 1195 ὅμιλον
504 1142 552 1182 ad
573 1142 790 1183 ἐπακοῦσαι
817 1142 999 1184 ferantur.
1025 1143 1074 1183 Et
1105 1142 1157 1184 fic
1178 1144 1333 1185 Vallam
1361 1157 1408 1185 ea
1431 1144 1618 1186 ordinasse

353 1211 404 1238 ex
435 1197 535 1237 illius
561 1196 741 1238 versione
767 1208 947 1252 apparet:
973 1213 1032 1237 nec
1062 1198 1182 1237 inutile
1203 1199 1321 1251 (effi)
1344 1199 1390 1237 ab
1412 1199 1504 1238 omni
1524 1211 1620 1239 coetu

350 1253 480 1292 civium
498 1253 628 1305 pariter
654 1253 855 1306 hostiumque
875 1252 999 1291 audiri.
1024 1251 1108 1291 Nec
1136 1251 1390 1292 Casaubonus
1414 1252 1620 1302 diffitetur,

351 1319 399 1347 ea
420 1305 528 1346 aliter
541 1336 553 1354 ,
583 1315 700 1358 atque
722 1304 801 1360 ipse
822 1318 911 1346 cum
933 1304 1140 1346 Scholiaste
1159 1305 1311 1356 statuit,
1360 1304 1439 1346 offe
1460 1306 1594 1360 accipi.

406 1363 483 1400 ead.
501 1360 526 1399 l.
553 1373 611 1399 ιι.
633 1360 911 1413 Δημοκρατία)
932 1359 1024 1400 Vid.
1039 1358 1121 1408 VI,
1141 1358 1214 1412 893
1229 1359 1314 1401 Aes
1357 1358 1470 1412 ylum
1484 1359 1619 1415 Suppl-

351 1414 455 1465 7o6;
475 1412 675 1454 Demosth.
690 1427 727 1468 p.
754 1427 851 1468 1553
868 1413 1038 1467 Euripid.
1059 1412 1229 1456 Phoenis.
1250 1426 1348 1469 540,
1369 1412 1501 1469 suppl.
1517 1427 1622 1469 4053

353 1468 556 1508 Platonem
574 1468 729 1508 Menex.
749 1481 787 1521 p.
814 1481 887 1522 519
911 1481 945 1508 a.
966 1470 1111 1508 WAss.
1147 1502 1150 1505 t
1607 1499 1610 1503 .

407 1524 484 1563 ead.
505 1523 530 1561 l.
565 1535 622 1562 12.
645 1522 810 1562 Μέτεστι
835 1521 1012 1578 -Νἵα-ον)
1035 1521 1114 1561 Th.
1133 1521 1242 1575 Mag.
1264 1520 1303 1561 in
1318 1520 1438 1572 μέλει.

407 1577 502 1631 Pag.
531 1590 591 1629 57.
617 1575 645 1616 l.
680 1589 712 1615 1.
735 1571 829 1616 ods’
850 1577 901 1615 αὐ
932 1598 978 1606 -
1005 1574 1250 1625 κεκώλυται)
1278 1574 1401 1617 Dion.
1429 1573 1555 1617 Halic.
1577 1587 1622 1630 p.

358 1643 446 1685 133.
471 1630 562 1672 Vid.
586 1628 787 1670 Platonem
805 1628 933 1671 Alcib.
958 1643 996 1683 p.
1020 1641 1093 1681 431
1119 1629 1155 1669 d.
1182 1630 1328 1669 WAss.

407 1687 483 1725 ead.
511 1685 536 1724 l,
561 1698 594 1739 5.
617 1684 656 1723 Εἰ
682 1683 773 1723 ηδ’
796 1680 923 1738 Mon.)
952 1684 1097 1724 Tutior
1122 1681 1177 1724 est
1195 1682 1292 1724 haec
1315 1681 1456 1732 leffio,
1474 1682 1506 1724 εἰ
1529 1683 1624 1728 καθ’,

354 1735 483 1781 &sevir
507 1753 545 1778 τι
567 1736 653 1792 δρᾷ.
673 1737 826 1778 8ΤΕΡΗ.
1270 1754 1272 1756 “

409 1797 485 1834 ead.
508 1793 534 1832 l.
555 1806 593 1843 7.
615 1790 893 1845 Ἀχῦηέὂνας)
919 1791 1024 1832 Inter
1073 1790 1199 1833 oetica
1219 1791 1321 1845 apud
1345 1790 1622 1843 Thucydidem

353 1847 481 1887 etiam
492 1846 568 1886 hoc
582 1845 818 1887 vocabulum
835 1857 1012 1886 numerat
1030 1806 1200 1898 lgionys.
1228 1845 1424 1886 Halicarn.
1438 1845 1470 1885 E
1498 1843 1552 1884 ist.
1572 1844 1621 1889 ad

354 1900 567 1948 Amm.·lI,
584 1914 622 1955 p.
651 1913 736 1954 ¹33·
760 1899 835 1941 Sed
856 1912 928 1942 nec
947 1899 1025 1956 ipse
1052 1912 1103 1941 eo
1128 1898 1328 1949 abstinuit,
1356 1911 1427 1940 nec
1448 1899 1620 1954 perique

355 1954 418 1994 alii
442 1953 579 2009 prosae
602 1954 816 2008 scriptores.
1222 1986 1231 1989 -
1604 1974 1605 1979 ’

408 2009 503 2064 Pag.
531 2008 590 2063 58.
611 2009 636 2048 l.
668 2022 700 2048 1.
727 2007 768 2048 ‘H
793 2007 956 2063 τέρψις)
984 2007 1134 2049 Pindar.
1156 2007 1269 2049 Nem.
1290 2007 1370 2049 IV:

347 2078 348 2081 ¹
559 2062 740 2115 ’Ἄριστος
767 2058 972 2117 εὔφροσὺνει
1031 2096 1033 2098 v

570 2116 692 2157 Πόνων
720 2117 937 2171 κεκριμένων

571 2169 720 2224 Ἰατρός.
747 2170 789 2212 αἱ
817 2170 863 2211 δὲ
891 2169 1004 2222 σοφαὶ

571 2225 720 2265 Μοισᾶν
746 2225 967 2279 θυγατέρες
993 2222 1152 2274 decusa),

571 2278 720 2330 Θέλξάν
749 2294 799 2319 νιν
826 2278 1044 2330 ἁπτόμεναι
1073 2278 1151 2318 &c-

356 2332 502 2374 WAss.
518 2331 756 2374 Ἐκπλῆσσει
778 2332 855 2373 Th.
877 2334 946 2374 Ma
972 2361 982 2372 .
1005 2331 1068 2371 hic
1084 2332 1127 2372 δι
1147 2328 1233 2371 infr.
1254 2343 1288 2371 c.
1310 2329 1363 2383 87
1381 2330 1541 2386 exponit
1559 2330 1622 2371 ἑκά

355 2386 506 2434 βάλλει.
535 2386 618 2427 add.
639 2387 691 2426 ibi
716 2386 844 2427 Schol.
869 2387 911 2428 δι
973 2384 1116 2434 eschyl.
1144 2383 1339 2426 Prometh.
1367 2397 1452 2436 134·
1596 2418 1598 2420 .

410 2444 484 2480 ead.
509 2441 534 2481 l.
565 2454 602 2480 2.
624 2440 762 2480 Πάσης
785 2439 890 2493 γῆς)
921 2441 1029 2481 Haec
1051 2437 1131 2480 fuse
1161 2437 1408 2493 persequitur
1434 2436 1624 2485 Isocrates,

353 2493 493 2549 Paneg.
517 2508 554 2550 p.
575 2507 640 2548 70.
661 2495 809 2535 WAss.

1719 1342 1734 1609 Tfflssussfflfi-uaz
1725 1323 1727 1328 Δ
1724 1309 1734 1314 ῑ
1725 1276 1734 1300 ι.

1721 2047 1734 2069 ο,
1712 1778 1734 2026 wssmffitsfi'iza
1719 1742 1724 1759 ·’
1719 1702 1721 1707 “

1697 2211 1725 2553 ,ὴςη-κψψιῄᾋἉἪξ
1712 2196 1715 2197 ,
1711 2143 1725 2182 Tm-
1711 2074 1734 2131 Επεὶ
1712 2048 1722 2062 ,-
