<?xml version="1.0" encoding="UTF-8"?>
<!DOCTYPE html PUBLIC "-//W3C//DTD XHTML 1.0 Transitional//EN"
    "http://www.w3.org/TR/xhtml1/DTD/xhtml1-transitional.dtd">
<html xmlns="http://www.w3.org/1999/xhtml" xml:lang="en" lang="en">
 <head>
  <title>
</title>
<meta http-equiv="Content-Type" content="text/html;charset=utf-8" />
  <meta name='ocr-system' content='tesseract 3.04.00' />
  <meta name='ocr-capabilities' content='ocr_page ocr_carea ocr_par ocr_line ocrx_word'/>
</head>
<body>
  <div class='ocr_page' id='page_1' title='image "./debellopeloponn02thucuoft_0048.png"; bbox 0 0 1734 3158; ppageno 0'>
   <div class='ocr_carea' id='block_1_1' title="bbox 325 198 1307 266">
    <p class='ocr_par' dir='ltr' id='par_1_1' title="bbox 325 198 1307 266">
     <span class='ocr_line' id='line_1_1' title="bbox 325 198 1307 266; baseline -0.005 -16"><span class='ocrx_word' id='word_1_1' title='bbox 325 200 385 266; x_wconf 82' lang='lat'>38</span> <span class='ocrx_word' id='word_1_2' title='bbox 615 198 1307 246; x_wconf 83' lang='lat' dir='ltr'>THUCYDIDIS</span> 
     </span>
    </p>
   </div>
   <div class='ocr_carea' id='block_1_2' title="bbox 323 285 1596 464">
    <p class='ocr_par' dir='ltr' id='par_1_2' title="bbox 323 285 1596 442">
     <span class='ocr_line' id='line_1_2' title="bbox 324 285 1596 362; baseline -0.001 -14.991"><span class='ocrx_word' id='word_1_3' title='bbox 324 293 567 354; x_wconf 65' lang='grc' dir='ltr'><strong><em>Ἀθηναίων,</em></strong></span> <span class='ocrx_word' id='word_1_4' title='bbox 600 292 656 351; x_wconf 77' lang='grc' dir='ltr'>ὡς</span> <span class='ocrx_word' id='word_1_5' title='bbox 681 289 819 345; x_wconf 66' lang='grc' dir='ltr'><strong><em>αὐτων</em></strong></span> <span class='ocrx_word' id='word_1_6' title='bbox 842 293 866 353; x_wconf 78' lang='grc' dir='ltr'><strong><em>ἦ</em></strong></span> <span class='ocrx_word' id='word_1_7' title='bbox 892 312 952 357; x_wconf 84' lang='grc' dir='ltr'>γη</span> <span class='ocrx_word' id='word_1_8' title='bbox 981 286 1188 362; x_wconf 76' lang='grc' dir='ltr'><strong><em>ἒτέμνετο,</em></strong></span> <span class='ocrx_word' id='word_1_9' title='bbox 1211 287 1348 357; x_wconf 82' lang='grc' dir='ltr'><strong><em>ἒνηγον</em></strong></span> <span class='ocrx_word' id='word_1_10' title='bbox 1372 313 1442 353; x_wconf 85' lang='grc' dir='ltr'><strong><em>την</em></strong></span> <span class='ocrx_word' id='word_1_11' title='bbox 1467 285 1596 355; x_wconf 66' lang='grc' dir='ltr'><strong><em>εξοδον</em></strong></span> 
     </span>
     <span class='ocr_line' id='line_1_3' title="bbox 323 365 1595 464; baseline 0.001 -43"><span class='ocrx_word' id='word_1_12' title='bbox 323 369 552 460; x_wconf 66' lang='grc' dir='ltr'>μάλιστα.</span> <span class='ocrx_word' id='word_1_13' title='bbox 573 374 710 421; x_wconf 72' lang='grc' dir='ltr'><strong><em>παντί</em></strong></span> <span class='ocrx_word' id='word_1_14' title='bbox 722 391 767 420; x_wconf 81' lang='grc' dir='ltr'>τε</span> <span class='ocrx_word' id='word_1_15' title='bbox 789 390 931 440; x_wconf 76' lang='grc' dir='ltr'><strong><em>τροπῳ</em></strong></span> <span class='ocrx_word' id='word_1_16' title='bbox 956 365 1231 464; x_wconf 69' lang='grc' dir='ltr'><em>ἀνηρέθιστο</em></span> <span class='ocrx_word' id='word_1_17' title='bbox 1210 394 1234 430; x_wconf 87' lang='grc' dir='ltr'><em>η</em></span> <span class='ocrx_word' id='word_1_18' title='bbox 1255 367 1405 428; x_wconf 69' lang='grc' dir='ltr'><strong><em>πόλις,</em></strong></span> <span class='ocrx_word' id='word_1_19' title='bbox 1425 391 1504 420; x_wconf 73' lang='lat' dir='ltr'>xm</span> <span class='ocrx_word' id='word_1_20' title='bbox 1527 392 1595 423; x_wconf 81' lang='grc' dir='ltr'><strong><em>τον</em></strong></span> 
     </span>
    </p>
   </div>
   <div class='ocr_carea' id='block_1_3' title="bbox 325 440 1650 537">
    <p class='ocr_par' dir='ltr' id='par_1_3' title="bbox 325 440 1650 537">
     <span class='ocr_line' id='line_1_4' title="bbox 325 440 1650 537; baseline -0.002 -38"><span class='ocrx_word' id='word_1_21' title='bbox 325 440 595 518; x_wconf 74' lang='grc' dir='ltr'>Περικλέοι’</span> <span class='ocrx_word' id='word_1_22' title='bbox 584 467 620 497; x_wconf 81' lang='grc' dir='ltr'><strong><em>εν</em></strong></span> <span class='ocrx_word' id='word_1_23' title='bbox 642 448 755 533; x_wconf 70' lang='grc' dir='ltr'>ὀργῆ</span> <span class='ocrx_word' id='word_1_24' title='bbox 788 444 911 507; x_wconf 70' lang='grc' dir='ltr'><strong><em>εἶχον</em></strong></span> <span class='ocrx_word' id='word_1_25' title='bbox 946 467 1025 496; x_wconf 67' lang='lat' dir='ltr'>nou</span> <span class='ocrx_word' id='word_1_26' title='bbox 1063 469 1115 497; x_wconf 86' lang='grc' dir='ltr'><strong><em>ων</em></strong></span> <span class='ocrx_word' id='word_1_27' title='bbox 1147 466 1354 518; x_wconf 70' lang='grc' dir='ltr'><strong><em>ποιρηνεσε</em></strong></span> <span class='ocrx_word' id='word_1_28' title='bbox 1364 443 1595 537; x_wconf 72' lang='grc' dir='ltr'><strong><em>πρότερον,</em></strong></span> <span class='ocrx_word' id='word_1_29' title='bbox 1647 510 1650 514; x_wconf 90' lang='lat'>.</span> 
     </span>
    </p>
   </div>
   <div class='ocr_carea' id='block_1_4' title="bbox 323 511 1596 976">
    <p class='ocr_par' dir='ltr' id='par_1_4' title="bbox 324 511 1595 666">
     <span class='ocr_line' id='line_1_5' title="bbox 325 511 1595 611; baseline 0 -37"><span class='ocrx_word' id='word_1_30' title='bbox 325 520 546 592; x_wconf 76' lang='grc' dir='ltr'><strong><em>ἑμέμνηντο</em></strong></span> <span class='ocrx_word' id='word_1_31' title='bbox 578 511 710 576; x_wconf 63' lang='grc' dir='ltr'><strong><em>οὐδέν,</em></strong></span> <span class='ocrx_word' id='word_1_32' title='bbox 730 525 843 573; x_wconf 75' lang='grc' dir='ltr'>ἀλλ’</span> <span class='ocrx_word' id='word_1_33' title='bbox 869 519 1107 584; x_wconf 71' lang='grc' dir='ltr'><strong><em>ἐκάκιζον“</em></strong></span> <span class='ocrx_word' id='word_1_34' title='bbox 1082 545 1141 573; x_wconf 85' lang='grc' dir='ltr'>οτι</span> <span class='ocrx_word' id='word_1_35' title='bbox 1167 543 1407 611; x_wconf 73' lang='grc' dir='ltr'><strong><em>στρατηγος</em></strong></span> <span class='ocrx_word' id='word_1_36' title='bbox 1436 512 1489 573; x_wconf 71' lang='grc' dir='ltr'><strong><em>ὧν</em></strong></span> <span class='ocrx_word' id='word_1_37' title='bbox 1520 525 1595 575; x_wconf 71' lang='grc' dir='ltr'>οὐκ</span> 
     </span>
     <span class='ocr_line' id='line_1_6' title="bbox 324 592 1593 687; baseline -0.002 -36"><span class='ocrx_word' id='word_1_38' title='bbox 324 597 549 663; x_wconf 76' lang='grc' dir='ltr'><strong><em>ἒπεξοιγοι</em></strong></span> <span class='ocrx_word' id='word_1_39' title='bbox 566 619 693 650; x_wconf 80' lang='grc' dir='ltr'><strong><em>οιιτιον</em></strong></span> <span class='ocrx_word' id='word_1_40' title='bbox 709 619 755 650; x_wconf 81' lang='grc' dir='ltr'>τε</span> <span class='ocrx_word' id='word_1_41' title='bbox 770 602 924 671; x_wconf 69' lang='grc' dir='ltr'><strong><em>σφίσιν</em></strong></span> <span class='ocrx_word' id='word_1_42' title='bbox 941 596 1110 687; x_wconf 73' lang='grc' dir='ltr'><strong><em>ὲνομιξον</em></strong></span> <span class='ocrx_word' id='word_1_43' title='bbox 1126 597 1295 650; x_wconf 71' lang='grc' dir='ltr'><strong><em>πάντων</em></strong></span> <span class='ocrx_word' id='word_1_44' title='bbox 1310 592 1403 649; x_wconf 71' lang='lat' dir='ltr'>c‘ov&#39;l</span> <span class='ocrx_word' id='word_1_45' title='bbox 1378 618 1593 661; x_wconf 74' lang='grc' dir='ltr'><strong><em>εποισχον.</em></strong></span> 
     </span>
    </p>

    <p class='ocr_par' dir='ltr' id='par_1_5' title="bbox 323 665 1596 976">
     <span class='ocr_line' id='line_1_7' title="bbox 399 665 1596 770; baseline 0 -44"><span class='ocrx_word' id='word_1_46' title='bbox 399 668 493 736; x_wconf 40' lang='grc' dir='ltr'>κβῖ</span> <span class='ocrx_word' id='word_1_47' title='bbox 528 672 779 770; x_wconf 77' lang='grc' dir='ltr'>Περικλης</span> <span class='ocrx_word' id='word_1_48' title='bbox 773 665 886 728; x_wconf 75' lang='grc' dir='ltr'>δε,“</span> <span class='ocrx_word' id='word_1_49' title='bbox 869 696 962 745; x_wconf 75' lang='grc' dir='ltr'><strong><em>ορων</em></strong></span> <span class='ocrx_word' id='word_1_50' title='bbox 989 695 1065 743; x_wconf 81' lang='grc' dir='ltr'><strong><em>μεν</em></strong></span> <span class='ocrx_word' id='word_1_51' title='bbox 1090 670 1243 731; x_wconf 71' lang='grc' dir='ltr'><strong><em>αὐτους</em></strong></span> <span class='ocrx_word' id='word_1_52' title='bbox 1266 697 1367 746; x_wconf 78' lang='grc' dir='ltr'><strong><em>προς</em></strong></span> <span class='ocrx_word' id='word_1_53' title='bbox 1391 697 1437 725; x_wconf 89' lang='grc' dir='ltr'>το</span> <span class='ocrx_word' id='word_1_54' title='bbox 1462 696 1596 746; x_wconf 67' lang='grc' dir='ltr'><strong><em>πειρον</em></strong></span> 
     </span>
     <span class='ocr_line' id='line_1_8' title="bbox 323 747 1595 841; baseline -0.001 -38"><span class='ocrx_word' id='word_1_55' title='bbox 323 754 688 814; x_wconf 55' lang='grc' dir='ltr'><strong><em>χαλε-παύοντας,</em></strong></span> <span class='ocrx_word' id='word_1_56' title='bbox 702 773 781 802; x_wconf 69' lang='lat' dir='ltr'>mu</span> <span class='ocrx_word' id='word_1_57' title='bbox 798 753 842 800; x_wconf 84' lang='grc' dir='ltr'>οὐ</span> <span class='ocrx_word' id='word_1_58' title='bbox 857 773 917 801; x_wconf 75' lang='grc' dir='ltr'>τοι</span> <span class='ocrx_word' id='word_1_59' title='bbox 929 747 1090 841; x_wconf 66' lang='grc' dir='ltr'>ἄριστοι</span> <span class='ocrx_word' id='word_1_60' title='bbox 1103 750 1367 840; x_wconf 74' lang='grc' dir='ltr'><strong><em>φρονουντοις,</em></strong></span> <span class='ocrx_word' id='word_1_61' title='bbox 1382 770 1595 803; x_wconf 83' lang='grc' dir='ltr'><strong><em>πιστευων</em></strong></span> 
     </span>
     <span class='ocr_line' id='line_1_9' title="bbox 324 818 1596 916; baseline 0.001 -38"><span class='ocrx_word' id='word_1_62' title='bbox 324 818 372 878; x_wconf 71' lang='grc' dir='ltr'>δε</span> <span class='ocrx_word' id='word_1_63' title='bbox 397 825 513 900; x_wconf 74' lang='grc' dir='ltr'><em>ὀρθως</em></span> <span class='ocrx_word' id='word_1_64' title='bbox 536 825 794 892; x_wconf 69' lang='grc' dir='ltr'><strong><em>γιγνώσκειν</em></strong></span> <span class='ocrx_word' id='word_1_65' title='bbox 816 848 910 916; x_wconf 77' lang='grc' dir='ltr'>περι</span> <span class='ocrx_word' id='word_1_66' title='bbox 929 849 1000 877; x_wconf 87' lang='grc' dir='ltr'>του</span> <span class='ocrx_word' id='word_1_67' title='bbox 1023 849 1086 895; x_wconf 82' lang='grc' dir='ltr'>μη</span> <span class='ocrx_word' id='word_1_68' title='bbox 1110 821 1339 890; x_wconf 74' lang='grc' dir='ltr'><strong><em>ἒπεξιένοιι,</em></strong></span> <span class='ocrx_word' id='word_1_69' title='bbox 1361 828 1596 887; x_wconf 70' lang='grc' dir='ltr'><strong><em>ἐκκλησίαν</em></strong></span> 
     </span>
     <span class='ocr_line' id='line_1_10' title="bbox 324 894 1596 976; baseline 0 -21"><span class='ocrx_word' id='word_1_70' title='bbox 324 925 371 955; x_wconf 78' lang='grc' dir='ltr'>τε</span> <span class='ocrx_word' id='word_1_71' title='bbox 394 906 468 955; x_wconf 77' lang='grc' dir='ltr'>οὐκ</span> <span class='ocrx_word' id='word_1_72' title='bbox 491 905 616 955; x_wconf 70' lang='grc' dir='ltr'><strong><em>ἐποίει</em></strong></span> <span class='ocrx_word' id='word_1_73' title='bbox 636 901 797 958; x_wconf 76' lang='grc' dir='ltr'><strong><em>αὐτων,</em></strong></span> <span class='ocrx_word' id='word_1_74' title='bbox 819 894 910 954; x_wconf 64' lang='grc' dir='ltr'>οὐδε</span> <span class='ocrx_word' id='word_1_75' title='bbox 932 899 1146 968; x_wconf 75' lang='grc' dir='ltr'>ξύλλογον</span> <span class='ocrx_word' id='word_1_76' title='bbox 1172 897 1333 958; x_wconf 65' lang='grc' dir='ltr'><strong><em>οὐὸἷνοο,</em></strong></span> <span class='ocrx_word' id='word_1_77' title='bbox 1353 902 1426 954; x_wconf 81' lang='grc' dir='ltr'>τοῧ</span> <span class='ocrx_word' id='word_1_78' title='bbox 1443 925 1509 971; x_wconf 86' lang='grc' dir='ltr'>μη</span> <span class='ocrx_word' id='word_1_79' title='bbox 1531 908 1596 976; x_wconf 68' lang='lat' dir='ltr'>bp-</span> 
     </span>
    </p>
   </div>
   <div class='ocr_carea' id='block_1_5' title="bbox 323 978 1596 1150">
    <p class='ocr_par' dir='ltr' id='par_1_6' title="bbox 323 978 1596 1124">
     <span class='ocr_line' id='line_1_11' title="bbox 323 978 1596 1052; baseline -0.002 -18"><span class='ocrx_word' id='word_1_80' title='bbox 323 981 388 1045; x_wconf 75' lang='grc' dir='ltr'>γ’,ἦ</span> <span class='ocrx_word' id='word_1_81' title='bbox 407 1003 448 1031; x_wconf 79' lang='grc' dir='ltr'>τι</span> <span class='ocrx_word' id='word_1_82' title='bbox 464 981 643 1049; x_wconf 58' lang='grc' dir='ltr'><strong><em>μαλλον</em></strong></span> <span class='ocrx_word' id='word_1_83' title='bbox 665 1003 688 1040; x_wconf 85' lang='grc' dir='ltr'><em>η</em></span> <span class='ocrx_word' id='word_1_84' title='bbox 711 1001 863 1048; x_wconf 69' lang='grc' dir='ltr'><strong><em>γνωμῃ</em></strong></span> <span class='ocrx_word' id='word_1_85' title='bbox 885 978 1148 1042; x_wconf 74' lang='grc' dir='ltr'><strong><em>ξυνελθοντοις</em></strong></span> <span class='ocrx_word' id='word_1_86' title='bbox 1174 978 1436 1052; x_wconf 72' lang='grc' dir='ltr'><strong><em>ἒξοιμοιρτειν.</em></strong></span> <span class='ocrx_word' id='word_1_87' title='bbox 1455 1002 1524 1040; x_wconf 85' lang='grc' dir='ltr'><strong><em>την</em></strong></span> <span class='ocrx_word' id='word_1_88' title='bbox 1548 1000 1596 1032; x_wconf 75' lang='grc' dir='ltr'>τε</span> 
     </span>
     <span class='ocr_line' id='line_1_12' title="bbox 323 1052 1596 1150; baseline -0.002 -42"><span class='ocrx_word' id='word_1_89' title='bbox 323 1053 450 1109; x_wconf 83' lang='grc' dir='ltr'><strong><em>πολιν</em></strong></span> <span class='ocrx_word' id='word_1_90' title='bbox 477 1052 738 1119; x_wconf 69' lang='grc' dir='ltr'><strong><em>ἐφύλασσε,</em></strong></span> <span class='ocrx_word' id='word_1_91' title='bbox 766 1078 844 1108; x_wconf 69' lang='lat' dir='ltr'>nou</span> <span class='ocrx_word' id='word_1_92' title='bbox 871 1054 919 1107; x_wconf 73' lang='grc' dir='ltr'>δι’</span> <span class='ocrx_word' id='word_1_93' title='bbox 940 1058 1127 1118; x_wconf 77' lang='grc' dir='ltr'>ἡσυχίαις</span> <span class='ocrx_word' id='word_1_94' title='bbox 1150 1054 1379 1150; x_wconf 67' lang='grc' dir='ltr'>μάλιστα.</span> <span class='ocrx_word' id='word_1_95' title='bbox 1389 1053 1479 1108; x_wconf 69' lang='grc' dir='ltr'><strong><em>ἴσον</em></strong></span> <span class='ocrx_word' id='word_1_96' title='bbox 1498 1053 1596 1116; x_wconf 69' lang='grc' dir='ltr'>ἡδύ-</span> 
     </span>
    </p>
   </div>
   <div class='ocr_carea' id='block_1_6' title="bbox 321 1127 1594 1283">
    <p class='ocr_par' dir='ltr' id='par_1_7' title="bbox 321 1127 1594 1283">
     <span class='ocr_line' id='line_1_13' title="bbox 321 1127 1594 1225; baseline -0.001 -40"><span class='ocrx_word' id='word_1_97' title='bbox 321 1154 423 1185; x_wconf 84' lang='grc' dir='ltr'><strong><em>νοιτο</em></strong></span> <span class='ocrx_word' id='word_1_98' title='bbox 442 1129 564 1195; x_wconf 75' lang='grc' dir='ltr'><strong><em>εἶχεν.</em></strong></span> <span class='ocrx_word' id='word_1_99' title='bbox 585 1128 751 1190; x_wconf 79' lang='grc' dir='ltr'>ἱππ-ἔοις</span> <span class='ocrx_word' id='word_1_100' title='bbox 775 1127 911 1202; x_wconf 71' lang='grc' dir='ltr'><strong><em>μέντοι</em></strong></span> <span class='ocrx_word' id='word_1_101' title='bbox 939 1127 1222 1202; x_wconf 70' lang='grc' dir='ltr'><strong><em>ἐξέπεμπεν</em></strong></span> <span class='ocrx_word' id='word_1_102' title='bbox 1199 1134 1291 1188; x_wconf 76' lang='grc' dir='ltr'><strong><em>οοει,</em></strong></span> <span class='ocrx_word' id='word_1_103' title='bbox 1308 1130 1380 1184; x_wconf 84' lang='grc' dir='ltr'>τοῧ</span> <span class='ocrx_word' id='word_1_104' title='bbox 1399 1155 1462 1202; x_wconf 77' lang='grc' dir='ltr'>μη</span> <span class='ocrx_word' id='word_1_105' title='bbox 1491 1153 1594 1225; x_wconf 67' lang='lat' dir='ltr'><em>vtpa-</em></span> 
     </span>
     <span class='ocr_line' id='line_1_14' title="bbox 322 1205 1594 1283; baseline -0.001 -23"><span class='ocrx_word' id='word_1_106' title='bbox 322 1206 531 1282; x_wconf 64' lang='grc' dir='ltr'><strong><em>ᾣομους</em></strong></span> <span class='ocrx_word' id='word_1_107' title='bbox 509 1231 601 1260; x_wconf 73' lang='lat' dir='ltr'>affro</span> <span class='ocrx_word' id='word_1_108' title='bbox 625 1232 696 1269; x_wconf 80' lang='grc' dir='ltr'>της</span> <span class='ocrx_word' id='word_1_109' title='bbox 718 1231 926 1283; x_wconf 75' lang='grc' dir='ltr'><strong><em>στροιτιοις</em></strong></span> <span class='ocrx_word' id='word_1_110' title='bbox 950 1210 1236 1268; x_wconf 69' lang='grc' dir='ltr'><strong><em>ἐσπίπτοντας</em></strong></span> <span class='ocrx_word' id='word_1_111' title='bbox 1255 1209 1295 1268; x_wconf 78' lang='grc' dir='ltr'>ἒς</span> <span class='ocrx_word' id='word_1_112' title='bbox 1318 1231 1411 1268; x_wconf 83' lang='grc' dir='ltr'><strong><em>τους</em></strong></span> <span class='ocrx_word' id='word_1_113' title='bbox 1435 1205 1594 1283; x_wconf 75' lang='grc' dir='ltr'><strong><em>ἀγρους</em></strong></span> 
     </span>
    </p>
   </div>
   <div class='ocr_carea' id='block_1_7' title="bbox 315 1364 1595 2544">
    <p class='ocr_par' dir='ltr' id='par_1_8' title="bbox 315 1364 1595 2544">
     <span class='ocr_line' id='line_1_15' title="bbox 321 1364 1592 1420; baseline 0 -15"><span class='ocrx_word' id='word_1_114' title='bbox 321 1364 429 1419; x_wconf 87' lang='lat' dir='ltr'>quod</span> <span class='ocrx_word' id='word_1_115' title='bbox 446 1364 725 1415; x_wconf 82' lang='lat' dir='ltr'>existimarent,</span> <span class='ocrx_word' id='word_1_116' title='bbox 743 1376 825 1406; x_wconf 91' lang='lat' dir='ltr'>non</span> <span class='ocrx_word' id='word_1_117' title='bbox 845 1365 1044 1411; x_wconf 80' lang='lat' dir='ltr'>minimam</span> <span class='ocrx_word' id='word_1_118' title='bbox 1058 1364 1350 1406; x_wconf 69' lang='lat' dir='ltr'>Atheniensium</span> <span class='ocrx_word' id='word_1_119' title='bbox 1369 1365 1592 1420; x_wconf 82' lang='lat' dir='ltr'>portionem</span> 
     </span>
     <span class='ocr_line' id='line_1_16' title="bbox 321 1434 1594 1492; baseline -0.002 -15"><span class='ocrx_word' id='word_1_120' title='bbox 321 1437 425 1491; x_wconf 84' lang='lat' dir='ltr'>apud</span> <span class='ocrx_word' id='word_1_121' title='bbox 447 1436 487 1478; x_wconf 89' lang='lat' dir='ltr'>se</span> <span class='ocrx_word' id='word_1_122' title='bbox 510 1437 585 1479; x_wconf 87' lang='lat' dir='ltr'>esse</span> <span class='ocrx_word' id='word_1_123' title='bbox 599 1469 612 1488; x_wconf 93' lang='lat'>‚</span> <span class='ocrx_word' id='word_1_124' title='bbox 636 1436 843 1492; x_wconf 85' lang='lat' dir='ltr'>postquam</span> <span class='ocrx_word' id='word_1_125' title='bbox 872 1435 1046 1491; x_wconf 83' lang='lat' dir='ltr'>ipsorum</span> <span class='ocrx_word' id='word_1_126' title='bbox 1078 1448 1168 1489; x_wconf 85' lang='lat' dir='ltr'>ager</span> <span class='ocrx_word' id='word_1_127' title='bbox 1195 1434 1337 1477; x_wconf 82' lang='lat' dir='ltr'>vastari</span> <span class='ocrx_word' id='word_1_128' title='bbox 1365 1436 1494 1490; x_wconf 86' lang='lat' dir='ltr'>coepit</span> <span class='ocrx_word' id='word_1_129' title='bbox 1509 1463 1523 1484; x_wconf 87' lang='lat'>,</span> <span class='ocrx_word' id='word_1_130' title='bbox 1545 1434 1594 1475; x_wconf 88' lang='lat' dir='ltr'>ad</span> 
     </span>
     <span class='ocr_line' id='line_1_17' title="bbox 318 1506 1595 1564; baseline -0.003 -14"><span class='ocrx_word' id='word_1_131' title='bbox 318 1508 564 1564; x_wconf 84' lang='lat' dir='ltr'>eruptionem</span> <span class='ocrx_word' id='word_1_132' title='bbox 584 1510 625 1550; x_wconf 88' lang='lat' dir='ltr'>in</span> <span class='ocrx_word' id='word_1_133' title='bbox 643 1507 771 1550; x_wconf 85' lang='lat' dir='ltr'>hostes</span> <span class='ocrx_word' id='word_1_134' title='bbox 796 1507 1008 1555; x_wconf 85' lang='lat' dir='ltr'>faciendam</span> <span class='ocrx_word' id='word_1_135' title='bbox 1032 1507 1200 1550; x_wconf 80' lang='lat' dir='ltr'>maxime</span> <span class='ocrx_word' id='word_1_136' title='bbox 1226 1506 1441 1562; x_wconf 86' lang='lat' dir='ltr'>urgebant:</span> <span class='ocrx_word' id='word_1_137' title='bbox 1464 1507 1595 1548; x_wconf 86' lang='lat' dir='ltr'>omni-</span> 
     </span>
     <span class='ocr_line' id='line_1_18' title="bbox 319 1576 1592 1633; baseline -0.001 -14"><span class='ocrx_word' id='word_1_138' title='bbox 319 1592 397 1633; x_wconf 89' lang='lat' dir='ltr'>que</span> <span class='ocrx_word' id='word_1_139' title='bbox 408 1579 529 1620; x_wconf 89' lang='lat' dir='ltr'>modo</span> <span class='ocrx_word' id='word_1_140' title='bbox 547 1579 684 1621; x_wconf 85' lang='lat' dir='ltr'>civitas</span> <span class='ocrx_word' id='word_1_141' title='bbox 695 1587 779 1620; x_wconf 88' lang='lat' dir='ltr'>erat</span> <span class='ocrx_word' id='word_1_142' title='bbox 797 1578 990 1621; x_wconf 83' lang='lat' dir='ltr'>concitata</span> <span class='ocrx_word' id='word_1_143' title='bbox 999 1609 1012 1628; x_wconf 91' lang='lat'>,</span> <span class='ocrx_word' id='word_1_144' title='bbox 1026 1578 1069 1619; x_wconf 72' lang='grc' dir='ltr'>δι</span> <span class='ocrx_word' id='word_1_145' title='bbox 1083 1576 1219 1618; x_wconf 83' lang='lat' dir='ltr'>Pericli</span> <span class='ocrx_word' id='word_1_146' title='bbox 1233 1577 1342 1619; x_wconf 83' lang='lat' dir='ltr'>cives</span> <span class='ocrx_word' id='word_1_147' title='bbox 1357 1586 1467 1618; x_wconf 86' lang='lat' dir='ltr'>erant</span> <span class='ocrx_word' id='word_1_148' title='bbox 1484 1576 1592 1618; x_wconf 86' lang='lat' dir='ltr'>irati:</span> 
     </span>
     <span class='ocr_line' id='line_1_19' title="bbox 319 1644 1594 1701; baseline -0.002 -13"><span class='ocrx_word' id='word_1_149' title='bbox 319 1661 392 1690; x_wconf 90' lang='lat' dir='ltr'>nec</span> <span class='ocrx_word' id='word_1_150' title='bbox 405 1662 598 1690; x_wconf 86' lang='lat' dir='ltr'>memores</span> <span class='ocrx_word' id='word_1_151' title='bbox 610 1659 722 1691; x_wconf 88' lang='lat' dir='ltr'>erant</span> <span class='ocrx_word' id='word_1_152' title='bbox 741 1647 907 1690; x_wconf 86' lang='lat' dir='ltr'>ullarum</span> <span class='ocrx_word' id='word_1_153' title='bbox 921 1660 1054 1688; x_wconf 86' lang='lat' dir='ltr'>rerum</span> <span class='ocrx_word' id='word_1_154' title='bbox 1063 1678 1075 1697; x_wconf 90' lang='lat'>‚</span> <span class='ocrx_word' id='word_1_155' title='bbox 1088 1660 1185 1701; x_wconf 83' lang='lat' dir='ltr'>quas</span> <span class='ocrx_word' id='word_1_156' title='bbox 1200 1645 1264 1687; x_wconf 90' lang='lat' dir='ltr'>ille</span> <span class='ocrx_word' id='word_1_157' title='bbox 1281 1645 1386 1701; x_wconf 86' lang='lat' dir='ltr'>prius</span> <span class='ocrx_word' id='word_1_158' title='bbox 1404 1644 1594 1695; x_wconf 86' lang='lat' dir='ltr'>suaserat;</span> 
     </span>
     <span class='ocr_line' id='line_1_20' title="bbox 318 1713 1594 1773; baseline -0.002 -15"><span class='ocrx_word' id='word_1_159' title='bbox 318 1717 383 1759; x_wconf 88' lang='lat' dir='ltr'>sed</span> <span class='ocrx_word' id='word_1_160' title='bbox 396 1731 487 1759; x_wconf 89' lang='lat' dir='ltr'>eum</span> <span class='ocrx_word' id='word_1_161' title='bbox 508 1718 677 1760; x_wconf 85' lang='lat' dir='ltr'>vocibus</span> <span class='ocrx_word' id='word_1_162' title='bbox 697 1717 917 1773; x_wconf 80' lang='lat' dir='ltr'>carpebant,</span> <span class='ocrx_word' id='word_1_163' title='bbox 929 1715 1056 1771; x_wconf 90' lang='lat' dir='ltr'>quod,</span> <span class='ocrx_word' id='word_1_164' title='bbox 1070 1728 1159 1758; x_wconf 88' lang='lat' dir='ltr'>cum</span> <span class='ocrx_word' id='word_1_165' title='bbox 1175 1715 1384 1770; x_wconf 88' lang='lat' dir='ltr'>imperator</span> <span class='ocrx_word' id='word_1_166' title='bbox 1408 1713 1516 1765; x_wconf 76' lang='lat' dir='ltr'>effer,</span> <span class='ocrx_word' id='word_1_167' title='bbox 1533 1725 1594 1755; x_wconf 89' lang='lat' dir='ltr'>ta-</span> 
     </span>
     <span class='ocr_line' id='line_1_21' title="bbox 317 1781 1593 1842; baseline -0.005 -15"><span class='ocrx_word' id='word_1_168' title='bbox 317 1799 411 1828; x_wconf 88' lang='lat' dir='ltr'>men</span> <span class='ocrx_word' id='word_1_169' title='bbox 425 1787 558 1842; x_wconf 87' lang='lat' dir='ltr'>copias</span> <span class='ocrx_word' id='word_1_170' title='bbox 574 1786 613 1829; x_wconf 83' lang='lat' dir='ltr'>in</span> <span class='ocrx_word' id='word_1_171' title='bbox 628 1784 776 1826; x_wconf 88' lang='lat' dir='ltr'>hostem</span> <span class='ocrx_word' id='word_1_172' title='bbox 789 1798 871 1826; x_wconf 91' lang='lat' dir='ltr'>non</span> <span class='ocrx_word' id='word_1_173' title='bbox 888 1783 1088 1825; x_wconf 87' lang='lat' dir='ltr'>educeret:</span> <span class='ocrx_word' id='word_1_174' title='bbox 1103 1782 1361 1838; x_wconf 90' lang='lat' dir='ltr'>omniumque</span> <span class='ocrx_word' id='word_1_175' title='bbox 1374 1781 1567 1823; x_wconf 89' lang='lat' dir='ltr'>malorum</span> <span class='ocrx_word' id='word_1_176' title='bbox 1578 1812 1593 1832; x_wconf 90' lang='lat'>,</span> 
     </span>
     <span class='ocr_line' id='line_1_22' title="bbox 317 1850 1549 1912; baseline -0.005 -16"><span class='ocrx_word' id='word_1_177' title='bbox 317 1868 420 1910; x_wconf 86' lang='lat' dir='ltr'>quae</span> <span class='ocrx_word' id='word_1_178' title='bbox 442 1855 683 1912; x_wconf 85' lang='lat' dir='ltr'>patiebantur</span> <span class='ocrx_word' id='word_1_179' title='bbox 697 1886 709 1906; x_wconf 90' lang='lat'>,</span> <span class='ocrx_word' id='word_1_180' title='bbox 733 1868 826 1896; x_wconf 87' lang='lat' dir='ltr'>eum</span> <span class='ocrx_word' id='word_1_181' title='bbox 848 1853 1048 1896; x_wconf 62' lang='lat' dir='ltr'>auctorem</span> <span class='ocrx_word' id='word_1_182' title='bbox 1079 1852 1147 1893; x_wconf 85' lang='lat' dir='ltr'>fibi</span> <span class='ocrx_word' id='word_1_183' title='bbox 1165 1850 1241 1895; x_wconf 82' lang='lat' dir='ltr'>effe</span> <span class='ocrx_word' id='word_1_184' title='bbox 1265 1851 1549 1893; x_wconf 85' lang='lat' dir='ltr'>existimabant.</span> 
     </span>
     <span class='ocr_line' id='line_1_23' title="bbox 372 1920 1592 1979; baseline -0.006 -10"><span class='ocrx_word' id='word_1_185' title='bbox 372 1926 498 1969; x_wconf 87' lang='lat' dir='ltr'>XXII.</span> <span class='ocrx_word' id='word_1_186' title='bbox 527 1925 688 1967; x_wconf 88' lang='lat' dir='ltr'>Pericles</span> <span class='ocrx_word' id='word_1_187' title='bbox 705 1937 826 1975; x_wconf 91' lang='lat' dir='ltr'>vero,</span> <span class='ocrx_word' id='word_1_188' title='bbox 846 1938 937 1966; x_wconf 90' lang='lat' dir='ltr'>cum</span> <span class='ocrx_word' id='word_1_189' title='bbox 954 1937 1025 1965; x_wconf 89' lang='lat' dir='ltr'>eos</span> <span class='ocrx_word' id='word_1_190' title='bbox 1040 1923 1096 1964; x_wconf 90' lang='lat' dir='ltr'>ob</span> <span class='ocrx_word' id='word_1_191' title='bbox 1114 1920 1351 1979; x_wconf 83' lang='lat' dir='ltr'>praesentem</span> <span class='ocrx_word' id='word_1_192' title='bbox 1370 1935 1500 1963; x_wconf 87' lang='lat' dir='ltr'>rerum</span> <span class='ocrx_word' id='word_1_193' title='bbox 1520 1921 1592 1963; x_wconf 82' lang='lat' dir='ltr'>sta·-</span> 
     </span>
     <span class='ocr_line' id='line_1_24' title="bbox 316 1994 1594 2052; baseline -0.002 -14"><span class='ocrx_word' id='word_1_194' title='bbox 316 2006 402 2038; x_wconf 88' lang='lat' dir='ltr'>tum</span> <span class='ocrx_word' id='word_1_195' title='bbox 423 1996 593 2051; x_wconf 84' lang='lat' dir='ltr'>graviter</span> <span class='ocrx_word' id='word_1_196' title='bbox 614 1997 827 2051; x_wconf 85' lang='lat' dir='ltr'>indignari,</span> <span class='ocrx_word' id='word_1_197' title='bbox 847 2009 919 2038; x_wconf 90' lang='lat' dir='ltr'>nec</span> <span class='ocrx_word' id='word_1_198' title='bbox 942 1996 1090 2052; x_wconf 88' lang='lat' dir='ltr'>optime</span> <span class='ocrx_word' id='word_1_199' title='bbox 1113 1995 1160 2038; x_wconf 92' lang='lat' dir='ltr'>de</span> <span class='ocrx_word' id='word_1_200' title='bbox 1180 1995 1300 2037; x_wconf 86' lang='lat' dir='ltr'>rebus</span> <span class='ocrx_word' id='word_1_201' title='bbox 1322 1994 1461 2037; x_wconf 89' lang='lat' dir='ltr'>sentire</span> <span class='ocrx_word' id='word_1_202' title='bbox 1486 1995 1594 2036; x_wconf 82' lang='lat' dir='ltr'>vide·</span> 
     </span>
     <span class='ocr_line' id='line_1_25' title="bbox 315 2064 1591 2122; baseline 0.001 -15"><span class='ocrx_word' id='word_1_203' title='bbox 315 2075 400 2116; x_wconf 89' lang='lat' dir='ltr'>ret,</span> <span class='ocrx_word' id='word_1_204' title='bbox 427 2079 596 2122; x_wconf 90' lang='lat' dir='ltr'>cumque</span> <span class='ocrx_word' id='word_1_205' title='bbox 623 2065 844 2122; x_wconf 88' lang='lat' dir='ltr'>persuasum</span> <span class='ocrx_word' id='word_1_206' title='bbox 870 2066 1051 2116; x_wconf 84' lang='lat' dir='ltr'>haberet,</span> <span class='ocrx_word' id='word_1_207' title='bbox 1082 2065 1120 2107; x_wconf 90' lang='lat' dir='ltr'>se</span> <span class='ocrx_word' id='word_1_208' title='bbox 1145 2065 1192 2107; x_wconf 88' lang='lat' dir='ltr'>de</span> <span class='ocrx_word' id='word_1_209' title='bbox 1215 2064 1422 2121; x_wconf 87' lang='lat' dir='ltr'>eruptione</span> <span class='ocrx_word' id='word_1_210' title='bbox 1446 2065 1488 2106; x_wconf 84' lang='lat' dir='ltr'>in</span> <span class='ocrx_word' id='word_1_211' title='bbox 1517 2064 1591 2108; x_wconf 87' lang='lat' dir='ltr'>ho-</span> 
     </span>
     <span class='ocr_line' id='line_1_26' title="bbox 316 2134 1588 2186; baseline -0.001 -10"><span class='ocrx_word' id='word_1_212' title='bbox 316 2135 411 2177; x_wconf 81' lang='lat' dir='ltr'>stem</span> <span class='ocrx_word' id='word_1_213' title='bbox 428 2149 511 2178; x_wconf 87' lang='lat' dir='ltr'>non</span> <span class='ocrx_word' id='word_1_214' title='bbox 531 2135 700 2179; x_wconf 77' lang='lat' dir='ltr'>faelenda</span> <span class='ocrx_word' id='word_1_215' title='bbox 719 2137 822 2179; x_wconf 65' lang='lat' dir='ltr'>recle</span> <span class='ocrx_word' id='word_1_216' title='bbox 842 2136 1001 2186; x_wconf 86' lang='lat' dir='ltr'>sentire,</span> <span class='ocrx_word' id='word_1_217' title='bbox 1013 2149 1084 2179; x_wconf 90' lang='lat' dir='ltr'>eos</span> <span class='ocrx_word' id='word_1_218' title='bbox 1102 2136 1149 2178; x_wconf 86' lang='lat' dir='ltr'>ad</span> <span class='ocrx_word' id='word_1_219' title='bbox 1170 2135 1316 2177; x_wconf 83' lang='lat' dir='ltr'>nullam</span> <span class='ocrx_word' id='word_1_220' title='bbox 1335 2134 1588 2185; x_wconf 86' lang='lat' dir='ltr'>concionem,</span> 
     </span>
     <span class='ocr_line' id='line_1_27' title="bbox 316 2205 1590 2262; baseline -0.001 -15"><span class='ocrx_word' id='word_1_221' title='bbox 316 2206 545 2261; x_wconf 86' lang='lat' dir='ltr'>nullumque</span> <span class='ocrx_word' id='word_1_222' title='bbox 564 2218 721 2249; x_wconf 86' lang='lat' dir='ltr'>coetum</span> <span class='ocrx_word' id='word_1_223' title='bbox 743 2207 1012 2258; x_wconf 84' lang='lat' dir='ltr'>convocabat,</span> <span class='ocrx_word' id='word_1_224' title='bbox 1030 2219 1080 2248; x_wconf 91' lang='lat' dir='ltr'>ne</span> <span class='ocrx_word' id='word_1_225' title='bbox 1103 2205 1197 2262; x_wconf 86' lang='lat' dir='ltr'>quid</span> <span class='ocrx_word' id='word_1_226' title='bbox 1217 2205 1335 2247; x_wconf 89' lang='lat' dir='ltr'>animi</span> <span class='ocrx_word' id='word_1_227' title='bbox 1352 2206 1499 2261; x_wconf 87' lang='lat' dir='ltr'>impetu</span> <span class='ocrx_word' id='word_1_228' title='bbox 1515 2218 1590 2261; x_wconf 88' lang='lat' dir='ltr'>po-</span> 
     </span>
     <span class='ocr_line' id='line_1_28' title="bbox 315 2276 1589 2334; baseline 0.001 -17"><span class='ocrx_word' id='word_1_229' title='bbox 315 2276 406 2327; x_wconf 89' lang='lat' dir='ltr'>tius,</span> <span class='ocrx_word' id='word_1_230' title='bbox 425 2290 544 2332; x_wconf 80' lang='lat' dir='ltr'>quam</span> <span class='ocrx_word' id='word_1_231' title='bbox 566 2277 674 2320; x_wconf 66' lang='lat' dir='ltr'>reno</span> <span class='ocrx_word' id='word_1_232' title='bbox 697 2277 878 2329; x_wconf 75' lang='lat' dir='ltr'>consilio,</span> <span class='ocrx_word' id='word_1_233' title='bbox 894 2278 1120 2333; x_wconf 86' lang='lat' dir='ltr'>congregati</span> <span class='ocrx_word' id='word_1_234' title='bbox 1141 2287 1343 2334; x_wconf 86' lang='lat' dir='ltr'>peccarent</span> <span class='ocrx_word' id='word_1_235' title='bbox 1349 2291 1364 2327; x_wconf 80' lang='lat'>3</span> <span class='ocrx_word' id='word_1_236' title='bbox 1388 2277 1432 2318; x_wconf 89' lang='lat'>&amp;</span> <span class='ocrx_word' id='word_1_237' title='bbox 1450 2277 1589 2318; x_wconf 88' lang='lat' dir='ltr'>urbem</span> 
     </span>
     <span class='ocr_line' id='line_1_29' title="bbox 315 2345 1588 2405; baseline -0.001 -17"><span class='ocrx_word' id='word_1_238' title='bbox 315 2345 498 2388; x_wconf 82' lang='lat' dir='ltr'>tuebatur</span> <span class='ocrx_word' id='word_1_239' title='bbox 512 2378 524 2397; x_wconf 93' lang='lat'><em>‚</em></span> <span class='ocrx_word' id='word_1_240' title='bbox 545 2346 609 2397; x_wconf 89' lang='lat'>&amp;‚</span> <span class='ocrx_word' id='word_1_241' title='bbox 633 2362 750 2405; x_wconf 88' lang='lat' dir='ltr'>quam</span> <span class='ocrx_word' id='word_1_242' title='bbox 772 2348 941 2391; x_wconf 83' lang='lat' dir='ltr'>maxime</span> <span class='ocrx_word' id='word_1_243' title='bbox 962 2358 1138 2403; x_wconf 90' lang='lat' dir='ltr'>poterat,</span> <span class='ocrx_word' id='word_1_244' title='bbox 1156 2348 1399 2404; x_wconf 84' lang='lat' dir='ltr'>tranquillam</span> <span class='ocrx_word' id='word_1_245' title='bbox 1416 2347 1588 2403; x_wconf 87' lang='lat' dir='ltr'>regebat.</span> 
     </span>
     <span class='ocr_line' id='line_1_30' title="bbox 316 2413 1589 2475; baseline 0.001 -18"><span class='ocrx_word' id='word_1_246' title='bbox 316 2413 475 2472; x_wconf 85' lang='lat' dir='ltr'>Semper</span> <span class='ocrx_word' id='word_1_247' title='bbox 492 2427 622 2459; x_wconf 88' lang='lat' dir='ltr'>tamen</span> <span class='ocrx_word' id='word_1_248' title='bbox 642 2419 790 2475; x_wconf 84' lang='lat' dir='ltr'>equites</span> <span class='ocrx_word' id='word_1_249' title='bbox 808 2419 1028 2469; x_wconf 86' lang='lat' dir='ltr'>emittebat,</span> <span class='ocrx_word' id='word_1_250' title='bbox 1041 2432 1091 2460; x_wconf 88' lang='lat' dir='ltr'>ne</span> <span class='ocrx_word' id='word_1_251' title='bbox 1110 2418 1279 2460; x_wconf 85' lang='lat' dir='ltr'>hostium</span> <span class='ocrx_word' id='word_1_252' title='bbox 1297 2415 1589 2467; x_wconf 85' lang='lat' dir='ltr'>antecursores,</span> 
     </span>
     <span class='ocr_line' id='line_1_31' title="bbox 317 2483 1587 2544; baseline 0.002 -18"><span class='ocrx_word' id='word_1_253' title='bbox 317 2483 367 2526; x_wconf 84' lang='lat' dir='ltr'>ab</span> <span class='ocrx_word' id='word_1_254' title='bbox 385 2486 557 2528; x_wconf 80' lang='lat' dir='ltr'>exercitu</span> <span class='ocrx_word' id='word_1_255' title='bbox 575 2488 763 2530; x_wconf 86' lang='lat' dir='ltr'>irruentes</span> <span class='ocrx_word' id='word_1_256' title='bbox 785 2489 826 2531; x_wconf 87' lang='lat' dir='ltr'>in</span> <span class='ocrx_word' id='word_1_257' title='bbox 848 2501 964 2544; x_wconf 86' lang='lat' dir='ltr'>agros</span> <span class='ocrx_word' id='word_1_258' title='bbox 986 2488 1073 2531; x_wconf 82' lang='lat' dir='ltr'>urbi</span> <span class='ocrx_word' id='word_1_259' title='bbox 1092 2489 1273 2540; x_wconf 85' lang='lat' dir='ltr'>vicinos,</span> <span class='ocrx_word' id='word_1_260' title='bbox 1294 2500 1365 2530; x_wconf 87' lang='lat' dir='ltr'>eos</span> <span class='ocrx_word' id='word_1_261' title='bbox 1389 2486 1587 2542; x_wconf 54' lang='lat' dir='ltr'>maleficiis</span> 
     </span>
    </p>
   </div>
   <div class='ocr_carea' id='block_1_8' title="bbox 1716 1180 1734 1976">
    <p class='ocr_par' dir='ltr' id='par_1_9' title="bbox 1716 1180 1734 1976">
     <span class='ocr_line' id='line_1_32' title="bbox 1716 1180 1734 1976; baseline 0 1182"><span class='ocrx_word' id='word_1_262' title='bbox 1716 1180 1734 1976; x_wconf 95' lang='lat' dir='ltr'> </span> 
     </span>
    </p>
   </div>
   <div class='ocr_carea' id='block_1_9' title="bbox 1714 1947 1734 2510">
    <p class='ocr_par' dir='ltr' id='par_1_10' title="bbox 1714 1947 1734 2510">
     <span class='ocr_line' id='line_1_33' title="bbox 1714 1947 1734 2510; textangle 90"><span class='ocrx_word' id='word_1_263' title='bbox 1719 2504 1722 2510; x_wconf 90' lang='lat'>·</span> <span class='ocrx_word' id='word_1_264' title='bbox 1718 2484 1722 2491; x_wconf 89' lang='lat'>-</span> <span class='ocrx_word' id='word_1_265' title='bbox 1717 2342 1730 2469; x_wconf 47' lang='lat' dir='ltr'>nan-*²22</span> <span class='ocrx_word' id='word_1_266' title='bbox 1714 1978 1734 2333; x_wconf 48' lang='grc' dir='ltr'>ή-ψη-ΜΛμ-..φ-’ᾱμ-υιι-,Ψ</span> <span class='ocrx_word' id='word_1_267' title='bbox 1716 1947 1718 1949; x_wconf 89' lang='grc'><em>·</em></span> 
     </span>
    </p>
   </div>
  </div>
 </body>
</html>
