1734 3158
370 214 464 262 542
575 196 1446 259 ANNOTATIONES

371 301 437 329 tur
458 300 550 329 cum
577 288 892 330 antecedentibus
911 288 1040 329 verbis
1059 288 1162 330 ratio
1181 288 1259 330 hoc
1277 288 1392 336 loco,
1409 288 1564 344 prorsus
1582 300 1647 332 ut-

369 354 466 397 pote
493 342 739 396 emphadco,
758 342 1048 397 comprehensa.
1072 343 1198 397 Quod
1221 344 1264 383 ni
1282 342 1372 390 fiat,
1389 344 1488 398 perit
1514 347 1646 400 potior

370 410 461 451 pars
477 398 823 450 argumentationis
832 428 846 444 ,
863 410 993 450 neque
1006 396 1250 451 assequemur
1267 396 1356 437 satis
1367 410 1531 446 eorum,
1543 413 1644 453 quae

369 462 508 491 orator
537 452 741 505 cogitanda
764 451 874 498 vult,
898 451 1122 492 efficaciam.
1146 452 1301 492 Etenim
1326 454 1522 494 connexio
1548 453 1646 494 haec

369 505 427 546 est
446 504 675 547 sententiae:
692 507 902 558 Corfiderate
922 522 1079 560 namque,
1088 508 1127 558 fi
1143 522 1212 561 qua
1227 522 1319 549 nunc
1331 506 1469 553 civitas,
1485 522 1572 561 quae
1586 510 1644 547 de-

364 559 489 613 fecerit
499 590 514 607 ‚
539 561 630 600 norit
653 575 722 599 non
745 559 984 613 desperandam
997 561 1066 613 fibi
1087 577 1110 600 a
1134 561 1230 601 vobis
1249 561 1424 614 salutem,
1450 577 1524 601 eam
1545 563 1586 600 de
1603 562 1645 614 fi:

370 616 522 654 dedenda
551 615 758 654 conditiones
779 625 990 665 accepturam
1004 644 1019 661 ,
1041 629 1118 655 cum
1144 617 1258 655 adhuc
1279 616 1402 654 habeat
1414 645 1428 662 ‚
1458 617 1547 655 unde
1573 618 1646 654 red-

371 671 438 707 dat
461 668 643 708 victoribus
671 668 840 721 impenfhs
861 668 964 714 belli,
993 668 1029 705 δ’
1049 669 1087 707 ἱη
1108 671 1276 722 posterum
1300 671 1428 709 tributa
1442 668 1582 721 sblvat:
1606 682 1647 709 at

370 722 434 762 illo
464 725 562 762 modo
587 721 642 776 (fi
673 734 724 762 ex
749 721 934 762 sententia
962 720 1120 762 Cleonis
1150 722 1282 764 durius
1303 723 1347 763 δι
1377 723 1648 764 inclementius

373 786 515 828 agatur
537 789 626 817 cum
659 775 972 830 poenitentibus)
1000 791 1101 829 quam
1124 779 1258 817 tandem
1278 777 1413 829 putatis
1430 776 1510 830 fhre
1523 807 1538 824 ‚
1561 794 1648 832 quae

373 846 445 870 non
465 830 500 869 δ’
529 831 675 877 melius,
696 846 800 884 quam
826 845 919 870 nunc
931 828 1020 882 jecit
1031 860 1046 877 ,
1070 833 1120 870 ad
1136 831 1261 871 bellum
1276 830 1319 884 se
1335 832 1480 886 instruat
1492 862 1507 878 ‚
1528 832 1564 871 δ’
1587 835 1648 872 ob·

362 884 532 938 fidionem
552 887 604 924 ad
620 896 767 924 extrema
799 884 904 938 usque
927 883 1102 938 perferat,
1121 885 1171 923 Sl
1191 885 1276 925 idem
1300 885 1416 932 valet,
1439 887 1500 926 ‹fiu
1542 888 1590 940 0st
1611 888 1647 926 6»

374 938 546 990 confestim
566 939 603 978 in
621 939 818 978 deditionem
842 938 984 978 venire?
1008 939 1066 978 Ita
1087 952 1228 993 nempe
1253 939 1474 980 emendavit
1534 940 1648 980 allam

373 993 431 1034 H.
461 988 676 1046 Stephanus
696 993 736 1032 in
757 1005 877 1046 marg.
899 992 987 1032 edit.
1013 993 1095 1033 Lat.
1120 994 1163 1034 δι
1189 994 1229 1033 in
1253 992 1527 1034 Concionibus
1545 993 1649 1035 seor-

377 1045 448 1086 fim
471 1047 579 1087 editis
603 1061 641 1100 p..
665 1061 729 1101 93.
753 1047 923 1088 Aeacius
944 1059 1107 1101 quoque
1131 1047 1267 1087 ultima
1295 1047 1417 1088 verba
1441 1047 1650 1102 aptiffime:

367 1102 536 1154 siquidem
557 1102 649 1140 nihil
660 1102 785 1154 interfit
798 1132 810 1150 ‚
832 1101 910 1153 sero
934 1117 981 1140 an
1009 1103 1172 1156 extemplo
1195 1102 1392 1142 deditionem
1406 1100 1552 1154 faciat?
1575 1115 1648 1145 nec

379 1156 508 1196 minus
530 1155 723 1208 eleganter
747 1151 783 1196 L·
799 1153 918 1196 Casa:
942 1155 1064 1210 quippe
1086 1171 1162 1196 cum
1191 1156 1280 1195 nihil
1302 1155 1420 1208 referre
1439 1156 1650 1210 intelligant,

378 1212 513 1249 tar-dene
535 1209 610 1262 sese
623 1239 637 1256 ‚
658 1226 705 1249 an
732 1210 876 1249 celeriter
901 1210 1115 1250 dediderint?
1141 1210 1246 1250 Cum
1270 1209 1330 1250 his
1354 1209 1485 1263 itaque
1515 1210 1650 1251 sentie-

378 1276 496 1310 mus,
508 1263 551 1303 &
567 1262 776 1304 fatebimur
794 1263 981 1316 insignem
998 1265 1083 1304 vim
1097 1263 1228 1314 dietis,
1249 1264 1314 1310 δι,
1357 1277 1447 1304 uem
1469 1276 1648 1305 oratores

376 1329 554 1364 vocant,
570 1318 748 1358 aculeum
769 1316 822 1358 {ic
842 1316 966 1358 ineffe.
987 1317 1173 1358 Ceterum
1187 1331 1276 1358 cum
1295 1331 1350 1358 nu
1365 1318 1424 1359 lae
1437 1319 1541 1358 editt.
1560 1329 1652 1359 ante

378 1371 662 1426 Stephanianas
682 1370 808 1426 (quas
829 1372 867 1411 in
881 1382 992 1412 textu
1014 1372 1228 1426 sequuntur
1241 1372 1381 1413 Portus
1405 1383 1522 1426 atque
1538 1374 1649 1413 Hud-

377 1424 526 1479 sonus)
549 1425 580 1464 εἰ
610 1425 799 1479 legerint,
822 1438 950 1480 neque
970 1427 1010 1466 in
1029 1426 1153 1467 Codd.
1177 1439 1347 1480 quorum
1370 1427 1566 1468 variantes
1583 1439 1651 1467 ex·

379 1479 486 1520 hibet
507 1479 767 1528 Oxonienfis,
792 1490 1013 1535 repertum,
1047 1481 1250 1535 quaeritur
1274 1480 1377 1521 unde
1407 1480 1446 1521 id
1475 1480 1653 1522 habuerit

378 1535 621 1588 Stephanus?
635 1533 750 1588 Resp.
765 1534 913 1575 exMss'.
933 1535 1005 1575 hac
1024 1545 1133 1589 parte
1150 1534 1324 1585 sineeriS,
1336 1544 1383 1574 ut
1398 1534 1554 1576 videtur
1567 1547 1651 1576 cer-

378 1601 444 1636 te,
467 1588 536 1629 etsi
553 1600 624 1628 eos
646 1601 731 1628 non
752 1588 912 1638 indicat3
926 1589 1020 1643 quin
1038 1588 1164 1630 testari
1185 1587 1263 1643 ipse
1289 1586 1443 1643 pofl'um
1454 1617 1469 1636 ,
1482 1589 1523 1629 in
1549 1588 1650 1629 Cod.

379 1642 455 1682 Ms.
477 1641 745 1683 Bibliothecae
763 1643 989 1698 Rostgaard.
1002 1641 1320 1696 praestantiffimo
1334 1641 1563 1698 &superius
1581 1656 1655 1683 no-

380 1697 440 1736 bis
461 1697 619 1737 laudato
633 1727 647 1743 ,
669 1697 722 1736 ita
747 1696 1045 1752 repraesentari:
1068 1698 1100 1737 εἰ
1129 1700 1173 1736 τὶ
1203 1693 1302 1738 αὐτὶ
1329 1695 1498 1738 θύναταιι
1523 1696 1654 1752 axoni?

382 1751 452 1790 καὶ
471 1750 587 1804 ταχὺ
611 1749 807 1803 ξυμβῆναι.
831 1753 961 1792 Nemo
978 1765 1080 1792 vero
1102 1750 1245 1798 nescit,
1266 1763 1383 1805 quam
1407 1750 1529 1792 facilis
1549 1754 1591 1791 in
1608 1751 1654 1791 li‘-

381 1805 604 1845 brariorum
628 1805 832 1865 scriptione
864 1806 1028 1846 mutatio
1061 1805 1092 1845 εἰ
1119 1806 1160 1845 in
1183 1819 1204 1846 n
1218 1835 1232 1852 ‚
1263 1816 1345 1845 non
1372 1817 1423 1846 ex
1452 1805 1654 1847 vicinitate

382 1857 470 1899 soni
489 1869 666 1906 tantum,
689 1859 753 1899 led
777 1873 828 1900 ex
851 1871 1032 1914 percepta
1055 1859 1163 1899 haud
1191 1857 1283 1899 satis·
1310 1868 1441 1900 mente
1459 1858 1655 1908 aueoris,

381 1914 430 1955 δι
457 1923 663 1954 contextus
684 1914 849 1955 ratione.
880 1913 1073 1954 GRAMM.
1110 1940 1112 1946 ι

437 1968 529 2021 Pag.
556 1982 646 2022 239.
669 1968 694 2007 l.
720 1982 761 2022 9.
787 1965 1026 2023 Τοῦναντίον)
1046 1966 1221 2022 Quidam
1241 1965 1329 2008 Mff.
1348 1966 1553 2009 τάναντία.
1574 1980 1657 2008 non

382 2021 495 2062 male.
518 2024 662 2063 WAss.

439 2076 532 2128 Pag.
563 2089 654 2125 240.
685 2076 710 2115 1.
733 2052 774 2116 8.ι
800 2074 859 2116 Ἐς
882 2076 1047 2129 πόλεμον
1071 2074 1319 2131 ἐπέρχῃ-δε)
1342 2074 1524 2116 Fortaffis
1546 2089 1656 2131 prae·
1716 2068 1719 2070 μ

384 2128 469 2170 sens
494 2132 568 2184 pro
589 2129 726 2170 futuro
756 2129 884 2183 posuit
894 2161 919 2224 a
931 2131 1039 2224 ‹iiliod
1059 2130 1098 2170 in
1121 2131 1204 2171 aliis
1226 2130 1394 2170 eiusdem
1415 2128 1658 2193 significatio·
1709 2157 1712 2159 -

383 2184 445 2224 nis
464 2183 646 2237 frequens
665 2183 730 2224 est.
755 2184 845 2224 Vid.
872 2197 892 2224 a
987 2215 1000 2232 ,
1021 2199 1086 2234 44.
1106 2184 1163 2225 Ita
1184 2183 1366 2224 sententia
1387 2195 1489 2231 ent,
1511 2196 1601 2232 eos,
1625 2183 1655 2223 st

383 2237 480 2290 quid
497 2239 575 2278 tale
599 2239 778 2285 eveniat,
798 2238 1043 2285 civitatibus,
1067 2251 1169 2291 quae
1200 2237 1429 2285 defecerint,
1447 2237 1590 2279 bellum
1614 2239 1658 2277 il·
1716 2275 1718 2277 .

383 2291 533 2332 laturos
557 2291 710 2346 plebem
738 2291 806 2332 fibi
833 2294 996 2333 amicam
1024 2293 1220 2333 habentes.
1242 2292 1290 2332 Et
1311 2291 1365 2332 fic
1386 2292 1657 2347 accipiendum

384 2343 546 2386 suadent
565 2345 760 2399 sequentia
770 2376 785 2392 ‚
802 2346 1010 2388 &sanaem
1019 2376 1034 2396 ‚
1047 2342 1320 2387 καταστήσετε
1333 2374 1347 2392 ,
1362 2345 1404 2386 &
1421 2342 1558 2398 ἕξουσι.
1573 2347 1660 2387 Ἐπ-

385 2398 574 2465 {ppo-&ae
586 2429 600 2446 ‚
618 2412 692 2453 pro
711 2398 900 2462 ξ’ρχεςὲαι
914 2431 928 2448 ,
952 2411 995 2441 ut
1019 2400 1120 2454 apud
1142 2398 1322 2455 Sophocl.
1347 2398 1456 2440 Aiac.
1476 2413 1571 2454 437,
1591 2402 1658 2441 ‘thu

392 2456 508 2495 aurbu
533 2452 585 2492 εἰς
605 2452 719 2494 τόπον
748 2457 876 2508 Τροιας
898 2453 1067 2500 ἐπελθών.

443 2507 536 2562 Pag.
555 2508 687 2557 241.l.
708 2522 745 2550 2.
767 2507 826 2551 Μὴ
844 2507 1152 2562 προσποιεῖσθαι)
1172 2507 1403 2562 Dtffimulare.
1419 2506 1484 2550 De
1501 2507 1578 2551 hoc
1594 2520 1658 2563 ge·

1695 265 1709 282 A
