<?xml version="1.0" encoding="UTF-8"?>
<!DOCTYPE html PUBLIC "-//W3C//DTD XHTML 1.0 Transitional//EN"
    "http://www.w3.org/TR/xhtml1/DTD/xhtml1-transitional.dtd">
<html xmlns="http://www.w3.org/1999/xhtml" xml:lang="en" lang="en">
 <head>
  <title>
</title>
<meta http-equiv="Content-Type" content="text/html;charset=utf-8" />
  <meta name='ocr-system' content='tesseract 3.04.00' />
  <meta name='ocr-capabilities' content='ocr_page ocr_carea ocr_par ocr_line ocrx_word'/>
</head>
<body>
  <div class='ocr_page' id='page_1' title='image "./debellopeloponn02thucuoft_0132.png"; bbox 0 0 1734 3158; ppageno 0'>
   <div class='ocr_carea' id='block_1_1' title="bbox 372 216 1345 270">
    <p class='ocr_par' dir='ltr' id='par_1_1' title="bbox 372 216 1345 270">
     <span class='ocr_line' id='line_1_1' title="bbox 372 216 1345 270; baseline 0 -3"><span class='ocrx_word' id='word_1_1' title='bbox 372 235 476 270; x_wconf 75' lang='lat'><em>122.</em></span> <span class='ocrx_word' id='word_1_2' title='bbox 654 216 1345 267; x_wconf 88' lang='lat' dir='ltr'>THUCYDIDIS</span> 
     </span>
    </p>
   </div>
   <div class='ocr_carea' id='block_1_2' title="bbox 365 301 1637 632">
    <p class='ocr_par' dir='ltr' id='par_1_2' title="bbox 365 301 1637 615">
     <span class='ocr_line' id='line_1_2' title="bbox 365 301 1636 407; baseline 0.003 -44"><span class='ocrx_word' id='word_1_3' title='bbox 365 316 496 363; x_wconf 72' lang='grc' dir='ltr'><em>σίτου.</em></span> <span class='ocrx_word' id='word_1_4' title='bbox 523 307 807 404; x_wconf 71' lang='grc' dir='ltr'><em>ἒσ-τρατηγει</em></span> <span class='ocrx_word' id='word_1_5' title='bbox 803 301 848 363; x_wconf 68' lang='grc' dir='ltr'>δε</span> <span class='ocrx_word' id='word_1_6' title='bbox 874 308 1073 376; x_wconf 78' lang='grc' dir='ltr'><em>Ξενοφων</em></span> <span class='ocrx_word' id='word_1_7' title='bbox 1099 315 1118 362; x_wconf 85' lang='grc' dir='ltr'><strong><em>ὁ</em></strong></span> <span class='ocrx_word' id='word_1_8' title='bbox 1141 310 1384 403; x_wconf 59' lang='lat' dir='ltr'>Ebpcm‘dbv,</span> <span class='ocrx_word' id='word_1_9' title='bbox 1405 310 1530 407; x_wconf 62' lang='grc' dir='ltr'><em>τρίτος</em></span> <span class='ocrx_word' id='word_1_10' title='bbox 1554 317 1636 367; x_wconf 84' lang='grc' dir='ltr'>αὐ-</span> 
     </span>
     <span class='ocr_line' id='line_1_3' title="bbox 366 379 1634 461; baseline 0.005 -22"><span class='ocrx_word' id='word_1_11' title='bbox 366 411 447 446; x_wconf 85' lang='grc' dir='ltr'><em>τος.</em></span> <span class='ocrx_word' id='word_1_12' title='bbox 469 388 648 447; x_wconf 75' lang='grc' dir='ltr'><em>ἒλθὸντες</em></span> <span class='ocrx_word' id='word_1_13' title='bbox 666 379 748 442; x_wconf 70' lang='lat' dir='ltr'>cle</span> <span class='ocrx_word' id='word_1_14' title='bbox 728 412 812 441; x_wconf 78' lang='grc' dir='ltr'>υπο</span> <span class='ocrx_word' id='word_1_15' title='bbox 791 382 1162 461; x_wconf 69' lang='grc' dir='ltr'><em>Σπάρτωλον</em></span> <span class='ocrx_word' id='word_1_16' title='bbox 1121 412 1188 450; x_wconf 90' lang='grc' dir='ltr'>την</span> <span class='ocrx_word' id='word_1_17' title='bbox 1209 381 1490 450; x_wconf 75' lang='grc' dir='ltr'><em>Βοττικην,</em></span> <span class='ocrx_word' id='word_1_18' title='bbox 1446 413 1512 443; x_wconf 84' lang='grc' dir='ltr'>τον</span> <span class='ocrx_word' id='word_1_19' title='bbox 1526 395 1634 445; x_wconf 76' lang='grc' dir='ltr'><em>σῖτον</em></span> 
     </span>
     <span class='ocr_line' id='line_1_4' title="bbox 366 456 1635 555; baseline 0.005 -40"><span class='ocrx_word' id='word_1_20' title='bbox 366 459 606 555; x_wconf 70' lang='grc' dir='ltr'><em>διέφθειραν.</em></span> <span class='ocrx_word' id='word_1_21' title='bbox 625 464 751 518; x_wconf 73' lang='grc' dir='ltr'><em>ἐδόκει</em></span> <span class='ocrx_word' id='word_1_22' title='bbox 766 456 811 517; x_wconf 71' lang='grc' dir='ltr'>δε</span> <span class='ocrx_word' id='word_1_23' title='bbox 826 488 903 517; x_wconf 81' lang='grc' dir='ltr'>και</span> <span class='ocrx_word' id='word_1_24' title='bbox 915 487 1239 553; x_wconf 73' lang='grc' dir='ltr'><em>προσ-χωρησειν</em></span> <span class='ocrx_word' id='word_1_25' title='bbox 1243 466 1266 525; x_wconf 80' lang='grc' dir='ltr'><em>ἦ</em></span> <span class='ocrx_word' id='word_1_26' title='bbox 1284 464 1414 523; x_wconf 71' lang='grc' dir='ltr'><em>πᾶλις</em></span> <span class='ocrx_word' id='word_1_27' title='bbox 1428 467 1519 519; x_wconf 74' lang='grc' dir='ltr'><em>ὁτι-ὅ</em></span> <span class='ocrx_word' id='word_1_28' title='bbox 1524 491 1635 521; x_wconf 82' lang='grc' dir='ltr'><em>τινων</em></span> 
     </span>
     <span class='ocr_line' id='line_1_5' title="bbox 366 531 1637 632; baseline 0.004 -40.004"><span class='ocrx_word' id='word_1_29' title='bbox 366 536 509 594; x_wconf 65' lang='grc' dir='ltr'><em>ἔνδοθεν</em></span> <span class='ocrx_word' id='word_1_30' title='bbox 527 542 822 632; x_wconf 72' lang='grc' dir='ltr'><em>πρασσόντων.</em></span> <span class='ocrx_word' id='word_1_31' title='bbox 833 539 1196 615; x_wconf 66' lang='grc' dir='ltr'>προπεμψάντων</span> <span class='ocrx_word' id='word_1_32' title='bbox 1201 531 1278 593; x_wconf 66' lang='grc' dir='ltr'>δὲ’</span> <span class='ocrx_word' id='word_1_33' title='bbox 1266 565 1305 600; x_wconf 82' lang='grc' dir='ltr'>ες</span> <span class='ocrx_word' id='word_1_34' title='bbox 1318 531 1532 596; x_wconf 51' lang='grc' dir='ltr'><em>ἸΟλυνθον</em></span> <span class='ocrx_word' id='word_1_35' title='bbox 1555 568 1637 597; x_wconf 82' lang='grc' dir='ltr'>των</span> 
     </span>
    </p>
   </div>
   <div class='ocr_carea' id='block_1_3' title="bbox 365 612 1722 694">
    <p class='ocr_par' dir='ltr' id='par_1_3' title="bbox 365 612 1722 694">
     <span class='ocr_line' id='line_1_6' title="bbox 365 612 1722 694; baseline 0.003 -25"><span class='ocrx_word' id='word_1_36' title='bbox 365 641 429 688; x_wconf 89' lang='grc' dir='ltr'>μη</span> <span class='ocrx_word' id='word_1_37' title='bbox 450 617 598 681; x_wconf 71' lang='grc' dir='ltr'><em>ταῦτα</em></span> <span class='ocrx_word' id='word_1_38' title='bbox 619 613 909 687; x_wconf 66' lang='grc' dir='ltr'><em>βουλομένων,</em></span> <span class='ocrx_word' id='word_1_39' title='bbox 935 619 1120 669; x_wconf 57' lang='lat' dir='ltr'>&amp;mimi</span> <span class='ocrx_word' id='word_1_40' title='bbox 1136 640 1181 670; x_wconf 78' lang='grc' dir='ltr'>τε</span> <span class='ocrx_word' id='word_1_41' title='bbox 1204 612 1323 678; x_wconf 75' lang='grc' dir='ltr'><em>ἦλθον</em></span> <span class='ocrx_word' id='word_1_42' title='bbox 1344 641 1422 670; x_wconf 83' lang='grc' dir='ltr'>και</span> <span class='ocrx_word' id='word_1_43' title='bbox 1447 642 1636 694; x_wconf 74' lang='grc' dir='ltr'><em>στρατια</em></span> <span class='ocrx_word' id='word_1_44' title='bbox 1670 653 1673 656; x_wconf 90' lang='lat'><strong>·</strong></span> <span class='ocrx_word' id='word_1_45' title='bbox 1720 655 1722 658; x_wconf 96' lang='lat'>·</span> 
     </span>
    </p>
   </div>
   <div class='ocr_carea' id='block_1_4' title="bbox 364 690 1710 1245">
    <p class='ocr_par' dir='ltr' id='par_1_4' title="bbox 364 690 1710 1227">
     <span class='ocr_line' id='line_1_7' title="bbox 364 690 1635 788; baseline 0.002 -43"><span class='ocrx_word' id='word_1_46' title='bbox 364 695 406 751; x_wconf 77' lang='grc' dir='ltr'>ἒς</span> <span class='ocrx_word' id='word_1_47' title='bbox 421 692 661 788; x_wconf 81' lang='grc' dir='ltr'><em>φυλακην.</em></span> <span class='ocrx_word' id='word_1_48' title='bbox 698 700 743 756; x_wconf 77' lang='grc' dir='ltr'>ης</span> <span class='ocrx_word' id='word_1_49' title='bbox 771 690 1108 756; x_wconf 76' lang='grc' dir='ltr'><em>ὲπεξελθουσ-ης’</em></span> <span class='ocrx_word' id='word_1_50' title='bbox 1097 716 1137 752; x_wconf 84' lang='grc' dir='ltr'>ες</span> <span class='ocrx_word' id='word_1_51' title='bbox 1161 718 1232 756; x_wconf 85' lang='grc' dir='ltr'>της</span> <span class='ocrx_word' id='word_1_52' title='bbox 1259 694 1606 769; x_wconf 70' lang='grc' dir='ltr'>Σπαρτῶλου,’</span> <span class='ocrx_word' id='word_1_53' title='bbox 1595 719 1635 755; x_wconf 80' lang='grc' dir='ltr'>ες</span> 
     </span>
     <span class='ocr_line' id='line_1_8' title="bbox 364 766 1634 858; baseline 0.001 -35"><span class='ocrx_word' id='word_1_54' title='bbox 364 766 518 858; x_wconf 62' lang='grc' dir='ltr'><em>μάχην</em></span> <span class='ocrx_word' id='word_1_55' title='bbox 541 773 825 823; x_wconf 66' lang='grc' dir='ltr'>καθίστανται</span> <span class='ocrx_word' id='word_1_56' title='bbox 852 769 1096 829; x_wconf 82' lang='grc' dir='ltr'><em>Ἀθηναιοι</em></span> <span class='ocrx_word' id='word_1_57' title='bbox 1078 774 1153 822; x_wconf 80' lang='grc' dir='ltr'>υπ·’</span> <span class='ocrx_word' id='word_1_58' title='bbox 1182 774 1290 825; x_wconf 82' lang='grc' dir='ltr'><em>αὐτη</em></span> <span class='ocrx_word' id='word_1_59' title='bbox 1313 795 1360 836; x_wconf 75' lang='grc' dir='ltr'>τη</span> <span class='ocrx_word' id='word_1_60' title='bbox 1385 772 1528 825; x_wconf 72' lang='grc' dir='ltr'><em>πόλει.</em></span> <span class='ocrx_word' id='word_1_61' title='bbox 1555 794 1634 824; x_wconf 88' lang='grc' dir='ltr'>και</span> 
     </span>
     <span class='ocr_line' id='line_1_9' title="bbox 366 831 1637 944; baseline 0.002 -46"><span class='ocrx_word' id='word_1_62' title='bbox 366 851 401 899; x_wconf 83' lang='grc' dir='ltr'>οἱ</span> <span class='ocrx_word' id='word_1_63' title='bbox 415 867 492 917; x_wconf 79' lang='grc' dir='ltr'>μεν</span> <span class='ocrx_word' id='word_1_64' title='bbox 511 831 722 898; x_wconf 73' lang='grc' dir='ltr'><em>ὁπλῖται</em></span> <span class='ocrx_word' id='word_1_65' title='bbox 710 870 789 899; x_wconf 84' lang='grc' dir='ltr'>των</span> <span class='ocrx_word' id='word_1_66' title='bbox 806 843 1094 902; x_wconf 65' lang='grc' dir='ltr'><em>Χαλκιδέων,</em></span> <span class='ocrx_word' id='word_1_67' title='bbox 1118 869 1195 898; x_wconf 86' lang='grc' dir='ltr'>και</span> <span class='ocrx_word' id='word_1_68' title='bbox 1212 849 1417 944; x_wconf 72' lang='grc' dir='ltr'><em>ἐπίκουροί</em></span> <span class='ocrx_word' id='word_1_69' title='bbox 1429 870 1530 907; x_wconf 77' lang='grc' dir='ltr'><em>τινες</em></span> <span class='ocrx_word' id='word_1_70' title='bbox 1541 853 1637 921; x_wconf 83' lang='grc' dir='ltr'>μετ’</span> 
     </span>
     <span class='ocr_line' id='line_1_10' title="bbox 367 917 1710 1014; baseline 0.004 -41"><span class='ocrx_word' id='word_1_71' title='bbox 367 922 528 978; x_wconf 79' lang='grc' dir='ltr'><em>αὐτων,</em></span> <span class='ocrx_word' id='word_1_72' title='bbox 550 922 741 976; x_wconf 62' lang='grc' dir='ltr'><em>νικῶνται</em></span> <span class='ocrx_word' id='word_1_73' title='bbox 764 917 847 974; x_wconf 81' lang='grc' dir='ltr'>ὑπο</span> <span class='ocrx_word' id='word_1_74' title='bbox 878 941 965 974; x_wconf 82' lang='grc' dir='ltr'>των</span> <span class='ocrx_word' id='word_1_75' title='bbox 984 922 1223 994; x_wconf 84' lang='grc' dir='ltr'><em>Ἀθηναίων,</em></span> <span class='ocrx_word' id='word_1_76' title='bbox 1242 947 1319 976; x_wconf 86' lang='grc' dir='ltr'>και</span> <span class='ocrx_word' id='word_1_77' title='bbox 1345 925 1636 1014; x_wconf 74' lang='grc' dir='ltr'><em>αναχωρουσιν</em></span> <span class='ocrx_word' id='word_1_78' title='bbox 1699 945 1710 950; x_wconf 93' lang='grc'><em>·</em></span> 
     </span>
     <span class='ocr_line' id='line_1_11' title="bbox 365 990 1635 1086; baseline 0.002 -36"><span class='ocrx_word' id='word_1_79' title='bbox 365 1000 406 1057; x_wconf 82' lang='grc' dir='ltr'>ἒς</span> <span class='ocrx_word' id='word_1_80' title='bbox 421 1022 490 1061; x_wconf 83' lang='grc' dir='ltr'>την</span> <span class='ocrx_word' id='word_1_81' title='bbox 508 999 801 1086; x_wconf 75' lang='grc' dir='ltr'><em>Σπαρτωλον·</em></span> <span class='ocrx_word' id='word_1_82' title='bbox 811 1024 844 1051; x_wconf 84' lang='grc' dir='ltr'>οι</span> <span class='ocrx_word' id='word_1_83' title='bbox 836 990 943 1050; x_wconf 67' lang='grc' dir='ltr'>δε</span> <span class='ocrx_word' id='word_1_84' title='bbox 931 1022 1066 1064; x_wconf 66' lang='lat' dir='ltr'>mmm</span> <span class='ocrx_word' id='word_1_85' title='bbox 1078 1023 1155 1050; x_wconf 86' lang='grc' dir='ltr'>των</span> <span class='ocrx_word' id='word_1_86' title='bbox 1174 990 1442 1054; x_wconf 72' lang='grc' dir='ltr'><em>Χαλκιδέων</em></span> <span class='ocrx_word' id='word_1_87' title='bbox 1460 1023 1539 1053; x_wconf 88' lang='grc' dir='ltr'>και</span> <span class='ocrx_word' id='word_1_88' title='bbox 1518 999 1635 1068; x_wconf 65' lang='grc' dir='ltr'>’ψι-</span> 
     </span>
     <span class='ocr_line' id='line_1_12' title="bbox 365 1072 1636 1144; baseline 0.002 -17"><span class='ocrx_word' id='word_1_89' title='bbox 365 1072 434 1127; x_wconf 86' lang='grc' dir='ltr'>λοι</span> <span class='ocrx_word' id='word_1_90' title='bbox 458 1099 601 1128; x_wconf 73' lang='grc' dir='ltr'><em>νικωσι</em></span> <span class='ocrx_word' id='word_1_91' title='bbox 622 1100 714 1134; x_wconf 85' lang='grc' dir='ltr'><em>τους</em></span> <span class='ocrx_word' id='word_1_92' title='bbox 739 1099 818 1128; x_wconf 84' lang='grc' dir='ltr'>των</span> <span class='ocrx_word' id='word_1_93' title='bbox 838 1076 1098 1135; x_wconf 81' lang='grc' dir='ltr'><em>Ἀθηναίων</em></span> <span class='ocrx_word' id='word_1_94' title='bbox 1084 1074 1250 1135; x_wconf 74' lang='grc' dir='ltr'><em>ιππέας</em></span> <span class='ocrx_word' id='word_1_95' title='bbox 1274 1099 1352 1128; x_wconf 82' lang='grc' dir='ltr'>και</span> <span class='ocrx_word' id='word_1_96' title='bbox 1378 1073 1549 1144; x_wconf 66' lang='grc' dir='ltr'><em>ψιλους.</em></span> <span class='ocrx_word' id='word_1_97' title='bbox 1577 1076 1636 1130; x_wconf 80' lang='grc' dir='ltr'>εἰ·</span> 
     </span>
     <span class='ocr_line' id='line_1_13' title="bbox 366 1147 1637 1245; baseline 0.003 -43"><span class='ocrx_word' id='word_1_98' title='bbox 366 1173 443 1214; x_wconf 82' lang='grc' dir='ltr'>χον</span> <span class='ocrx_word' id='word_1_99' title='bbox 463 1147 511 1203; x_wconf 67' lang='lat' dir='ltr'>‹le‘</span> <span class='ocrx_word' id='word_1_100' title='bbox 527 1174 642 1211; x_wconf 80' lang='grc' dir='ltr'><em>τινας</em></span> <span class='ocrx_word' id='word_1_101' title='bbox 669 1155 714 1204; x_wconf 84' lang='grc' dir='ltr'>οὐ</span> <span class='ocrx_word' id='word_1_102' title='bbox 736 1148 930 1209; x_wconf 74' lang='grc' dir='ltr'><em>πολλους</em></span> <span class='ocrx_word' id='word_1_103' title='bbox 954 1149 1219 1212; x_wconf 72' lang='grc' dir='ltr'><em>πελταστας</em></span> <span class='ocrx_word' id='word_1_104' title='bbox 1244 1155 1294 1205; x_wconf 76' lang='grc' dir='ltr'>ἐκ</span> <span class='ocrx_word' id='word_1_105' title='bbox 1317 1177 1388 1215; x_wconf 85' lang='grc' dir='ltr'>της</span> <span class='ocrx_word' id='word_1_106' title='bbox 1413 1151 1637 1245; x_wconf 70' lang='grc' dir='ltr'>Κρουσιὸος</span> 
     </span>
    </p>
   </div>
   <div class='ocr_carea' id='block_1_5' title="bbox 367 1219 1636 1302">
    <p class='ocr_par' dir='ltr' id='par_1_5' title="bbox 367 1219 1636 1302">
     <span class='ocr_line' id='line_1_14' title="bbox 367 1219 1636 1302; baseline 0.001 -21"><span class='ocrx_word' id='word_1_107' title='bbox 367 1249 450 1292; x_wconf 77' lang='grc' dir='ltr'>γης</span> <span class='ocrx_word' id='word_1_108' title='bbox 468 1225 746 1301; x_wconf 69' lang='grc' dir='ltr'><em>καλουμένης.</em></span> <span class='ocrx_word' id='word_1_109' title='bbox 772 1251 867 1302; x_wconf 68' lang='grc' dir='ltr'><em>αρτι</em></span> <span class='ocrx_word' id='word_1_110' title='bbox 886 1219 1002 1280; x_wconf 69' lang='grc' dir='ltr'>δε</span> <span class='ocrx_word' id='word_1_111' title='bbox 949 1252 1020 1290; x_wconf 87' lang='grc' dir='ltr'>της</span> <span class='ocrx_word' id='word_1_112' title='bbox 1040 1249 1194 1301; x_wconf 84' lang='grc' dir='ltr'><em>μαχης</em></span> <span class='ocrx_word' id='word_1_113' title='bbox 1217 1225 1518 1300; x_wconf 67' lang='grc' dir='ltr'>γεγενημένης,</span> <span class='ocrx_word' id='word_1_114' title='bbox 1540 1232 1636 1283; x_wconf 74' lang='grc' dir='ltr'><em>ἑπι-</em></span> 
     </span>
    </p>
   </div>
   <div class='ocr_carea' id='block_1_6' title="bbox 364 1370 1640 2279">
    <p class='ocr_par' dir='ltr' id='par_1_6' title="bbox 364 1370 1640 2279">
     <span class='ocr_line' id='line_1_15' title="bbox 364 1370 1638 1432; baseline 0.003 -18"><span class='ocrx_word' id='word_1_115' title='bbox 364 1370 443 1415; x_wconf 82' lang='lat' dir='ltr'>iam</span> <span class='ocrx_word' id='word_1_116' title='bbox 464 1386 632 1417; x_wconf 83' lang='lat' dir='ltr'>maturo.</span> <span class='ocrx_word' id='word_1_117' title='bbox 653 1376 725 1416; x_wconf 88' lang='lat' dir='ltr'>His</span> <span class='ocrx_word' id='word_1_118' title='bbox 746 1389 847 1418; x_wconf 89' lang='lat' dir='ltr'>vero</span> <span class='ocrx_word' id='word_1_119' title='bbox 864 1387 1040 1431; x_wconf 82' lang='lat' dir='ltr'>praeerat</span> <span class='ocrx_word' id='word_1_120' title='bbox 1058 1376 1286 1431; x_wconf 80' lang='lat' dir='ltr'>Xenophon</span> <span class='ocrx_word' id='word_1_121' title='bbox 1304 1376 1495 1432; x_wconf 80' lang='lat' dir='ltr'>Euripidis</span> <span class='ocrx_word' id='word_1_122' title='bbox 1513 1376 1638 1427; x_wconf 79' lang='lat' dir='ltr'>filius,</span> 
     </span>
     <span class='ocr_line' id='line_1_16' title="bbox 366 1447 1639 1505; baseline 0.003 -19"><span class='ocrx_word' id='word_1_123' title='bbox 366 1459 457 1486; x_wconf 88' lang='lat' dir='ltr'>cum</span> <span class='ocrx_word' id='word_1_124' title='bbox 476 1447 634 1489; x_wconf 86' lang='lat' dir='ltr'>duobus</span> <span class='ocrx_word' id='word_1_125' title='bbox 656 1449 740 1490; x_wconf 85' lang='lat' dir='ltr'>aliis</span> <span class='ocrx_word' id='word_1_126' title='bbox 760 1448 930 1490; x_wconf 86' lang='lat' dir='ltr'>ducibus.</span> <span class='ocrx_word' id='word_1_127' title='bbox 952 1449 1055 1490; x_wconf 91' lang='lat' dir='ltr'>Cum</span> <span class='ocrx_word' id='word_1_128' title='bbox 1081 1459 1212 1490; x_wconf 89' lang='lat' dir='ltr'>autem</span> <span class='ocrx_word' id='word_1_129' title='bbox 1231 1449 1279 1490; x_wconf 84' lang='lat' dir='ltr'>ad</span> <span class='ocrx_word' id='word_1_130' title='bbox 1298 1449 1519 1505; x_wconf 86' lang='lat' dir='ltr'>Spartolum</span> <span class='ocrx_word' id='word_1_131' title='bbox 1543 1451 1639 1492; x_wconf 90' lang='lat' dir='ltr'>Bot-</span> 
     </span>
     <span class='ocr_line' id='line_1_17' title="bbox 367 1516 1640 1574; baseline 0.003 -18"><span class='ocrx_word' id='word_1_132' title='bbox 367 1516 483 1558; x_wconf 88' lang='lat' dir='ltr'>ticam</span> <span class='ocrx_word' id='word_1_133' title='bbox 504 1520 635 1574; x_wconf 88' lang='lat' dir='ltr'>copias</span> <span class='ocrx_word' id='word_1_134' title='bbox 657 1518 866 1569; x_wconf 85' lang='lat' dir='ltr'>duxiffent,</span> <span class='ocrx_word' id='word_1_135' title='bbox 890 1517 1126 1560; x_wconf 82' lang='lat' dir='ltr'>frumentum</span> <span class='ocrx_word' id='word_1_136' title='bbox 1151 1529 1423 1574; x_wconf 87' lang='lat' dir='ltr'>corruperunt.</span> <span class='ocrx_word' id='word_1_137' title='bbox 1442 1520 1552 1560; x_wconf 85' lang='lat' dir='ltr'>Haec</span> <span class='ocrx_word' id='word_1_138' title='bbox 1573 1532 1640 1560; x_wconf 88' lang='lat' dir='ltr'>au·</span> 
     </span>
     <span class='ocr_line' id='line_1_18' title="bbox 369 1589 1639 1647; baseline 0.002 -18"><span class='ocrx_word' id='word_1_139' title='bbox 369 1598 449 1630; x_wconf 90' lang='lat' dir='ltr'>tem</span> <span class='ocrx_word' id='word_1_140' title='bbox 471 1590 609 1633; x_wconf 87' lang='lat' dir='ltr'>civitas</span> <span class='ocrx_word' id='word_1_141' title='bbox 627 1592 876 1647; x_wconf 86' lang='lat' dir='ltr'>quorundam</span> <span class='ocrx_word' id='word_1_142' title='bbox 899 1591 1050 1632; x_wconf 88' lang='lat' dir='ltr'>civium</span> <span class='ocrx_word' id='word_1_143' title='bbox 1069 1603 1212 1645; x_wconf 87' lang='lat' dir='ltr'>opera,</span> <span class='ocrx_word' id='word_1_144' title='bbox 1234 1591 1304 1645; x_wconf 92' lang='lat' dir='ltr'>qui</span> <span class='ocrx_word' id='word_1_145' title='bbox 1325 1589 1402 1631; x_wconf 90' lang='lat' dir='ltr'>hoc</span> <span class='ocrx_word' id='word_1_146' title='bbox 1423 1589 1639 1632; x_wconf 88' lang='lat' dir='ltr'>molieban-</span> 
     </span>
     <span class='ocr_line' id='line_1_19' title="bbox 368 1660 1639 1710; baseline 0.003 -12"><span class='ocrx_word' id='word_1_147' title='bbox 368 1667 458 1710; x_wconf 85' lang='lat' dir='ltr'><strong>tur,</strong></span> <span class='ocrx_word' id='word_1_148' title='bbox 483 1660 716 1704; x_wconf 88' lang='lat' dir='ltr'>deditionem</span> <span class='ocrx_word' id='word_1_149' title='bbox 740 1661 889 1703; x_wconf 69' lang='lat' dir='ltr'>fastura</span> <span class='ocrx_word' id='word_1_150' title='bbox 918 1661 1140 1703; x_wconf 87' lang='lat' dir='ltr'>videbatur.</span> <span class='ocrx_word' id='word_1_151' title='bbox 1171 1660 1246 1702; x_wconf 88' lang='lat' dir='ltr'>Sed</span> <span class='ocrx_word' id='word_1_152' title='bbox 1268 1673 1358 1701; x_wconf 87' lang='lat' dir='ltr'>cum</span> <span class='ocrx_word' id='word_1_153' title='bbox 1378 1660 1562 1702; x_wconf 86' lang='lat' dir='ltr'>adversae</span> <span class='ocrx_word' id='word_1_154' title='bbox 1582 1661 1639 1702; x_wconf 87' lang='lat' dir='ltr'>fa-</span> 
     </span>
     <span class='ocr_line' id='line_1_20' title="bbox 369 1727 1639 1787; baseline 0.006 -19"><span class='ocrx_word' id='word_1_155' title='bbox 369 1727 510 1770; x_wconf 69' lang='lat' dir='ltr'>&amp;ionis</span> <span class='ocrx_word' id='word_1_156' title='bbox 530 1730 730 1782; x_wconf 85' lang='lat' dir='ltr'>homines,</span> <span class='ocrx_word' id='word_1_157' title='bbox 758 1734 827 1787; x_wconf 88' lang='lat' dir='ltr'>qui</span> <span class='ocrx_word' id='word_1_158' title='bbox 846 1732 943 1774; x_wconf 90' lang='lat' dir='ltr'>haec</span> <span class='ocrx_word' id='word_1_159' title='bbox 963 1733 1044 1787; x_wconf 86' lang='lat' dir='ltr'>pati</span> <span class='ocrx_word' id='word_1_160' title='bbox 1062 1733 1270 1783; x_wconf 87' lang='lat' dir='ltr'>nolebant,</span> <span class='ocrx_word' id='word_1_161' title='bbox 1290 1732 1517 1786; x_wconf 89' lang='lat' dir='ltr'>Olynthum</span> <span class='ocrx_word' id='word_1_162' title='bbox 1539 1747 1639 1775; x_wconf 87' lang='lat' dir='ltr'>nun-</span> 
     </span>
     <span class='ocr_line' id='line_1_21' title="bbox 367 1798 1639 1857; baseline 0.005 -19"><span class='ocrx_word' id='word_1_163' title='bbox 367 1798 444 1839; x_wconf 88' lang='lat' dir='ltr'>tios</span> <span class='ocrx_word' id='word_1_164' title='bbox 474 1801 663 1842; x_wconf 87' lang='lat' dir='ltr'>auxilium</span> <span class='ocrx_word' id='word_1_165' title='bbox 700 1803 890 1857; x_wconf 89' lang='lat' dir='ltr'>petituros</span> <span class='ocrx_word' id='word_1_166' title='bbox 916 1812 1005 1843; x_wconf 88' lang='lat' dir='ltr'>ante</span> <span class='ocrx_word' id='word_1_167' title='bbox 1035 1801 1236 1852; x_wconf 79' lang='lat' dir='ltr'>mififfent‚</span> <span class='ocrx_word' id='word_1_168' title='bbox 1262 1801 1390 1856; x_wconf 85' lang='lat' dir='ltr'>gravis</span> <span class='ocrx_word' id='word_1_169' title='bbox 1420 1814 1639 1846; x_wconf 86' lang='lat' dir='ltr'>armaturae</span> 
     </span>
     <span class='ocr_line' id='line_1_22' title="bbox 367 1868 1639 1925; baseline 0.005 -17"><span class='ocrx_word' id='word_1_170' title='bbox 367 1868 510 1910; x_wconf 88' lang='lat' dir='ltr'>milites</span> <span class='ocrx_word' id='word_1_171' title='bbox 522 1881 740 1920; x_wconf 89' lang='lat' dir='ltr'>venerunt,</span> <span class='ocrx_word' id='word_1_172' title='bbox 761 1870 805 1911; x_wconf 73' lang='grc' dir='ltr'>δι</span> <span class='ocrx_word' id='word_1_173' title='bbox 818 1870 991 1925; x_wconf 86' lang='lat' dir='ltr'>reliquus</span> <span class='ocrx_word' id='word_1_174' title='bbox 1013 1870 1202 1911; x_wconf 86' lang='lat' dir='ltr'>exercitus</span> <span class='ocrx_word' id='word_1_175' title='bbox 1220 1870 1267 1910; x_wconf 87' lang='lat' dir='ltr'>ad</span> <span class='ocrx_word' id='word_1_176' title='bbox 1286 1870 1392 1911; x_wconf 87' lang='lat' dir='ltr'>urbis</span> <span class='ocrx_word' id='word_1_177' title='bbox 1412 1870 1639 1914; x_wconf 83' lang='lat' dir='ltr'>custodiam.</span> 
     </span>
     <span class='ocr_line' id='line_1_23' title="bbox 368 1936 1638 1994; baseline 0.004 -16"><span class='ocrx_word' id='word_1_178' title='bbox 368 1936 456 1991; x_wconf 90' lang='lat' dir='ltr'>Qui</span> <span class='ocrx_word' id='word_1_179' title='bbox 473 1951 565 1979; x_wconf 90' lang='lat' dir='ltr'>cum</span> <span class='ocrx_word' id='word_1_180' title='bbox 577 1939 760 1994; x_wconf 86' lang='lat' dir='ltr'>Spartolo</span> <span class='ocrx_word' id='word_1_181' title='bbox 779 1938 961 1981; x_wconf 87' lang='lat' dir='ltr'>adversus</span> <span class='ocrx_word' id='word_1_182' title='bbox 978 1938 1127 1980; x_wconf 86' lang='lat' dir='ltr'>hostem</span> <span class='ocrx_word' id='word_1_183' title='bbox 1146 1937 1344 1993; x_wconf 78' lang='lat' dir='ltr'>prodiiss&#39;et</span> <span class='ocrx_word' id='word_1_184' title='bbox 1355 1970 1367 1989; x_wconf 95' lang='lat'>,</span> <span class='ocrx_word' id='word_1_185' title='bbox 1382 1938 1638 1983; x_wconf 85' lang='lat' dir='ltr'>Athenienses</span> 
     </span>
     <span class='ocr_line' id='line_1_24' title="bbox 367 2007 1639 2066; baseline 0.006 -19"><span class='ocrx_word' id='word_1_186' title='bbox 367 2007 559 2061; x_wconf 87' lang='lat' dir='ltr'>proelium</span> <span class='ocrx_word' id='word_1_187' title='bbox 582 2010 632 2050; x_wconf 93' lang='lat' dir='ltr'>ad</span> <span class='ocrx_word' id='word_1_188' title='bbox 651 2010 769 2066; x_wconf 89' lang='lat' dir='ltr'>ipsam</span> <span class='ocrx_word' id='word_1_189' title='bbox 785 2010 922 2051; x_wconf 86' lang='lat' dir='ltr'>urbem</span> <span class='ocrx_word' id='word_1_190' title='bbox 942 2023 1033 2051; x_wconf 91' lang='lat' dir='ltr'>cum</span> <span class='ocrx_word' id='word_1_191' title='bbox 1057 2023 1108 2051; x_wconf 92' lang='lat' dir='ltr'>eo</span> <span class='ocrx_word' id='word_1_192' title='bbox 1129 2008 1416 2052; x_wconf 85' lang='lat' dir='ltr'>commiserunt.</span> <span class='ocrx_word' id='word_1_193' title='bbox 1447 2010 1498 2052; x_wconf 87' lang='lat' dir='ltr'>Et</span> <span class='ocrx_word' id='word_1_194' title='bbox 1521 2011 1639 2055; x_wconf 85' lang='lat' dir='ltr'>chal-</span> 
     </span>
     <span class='ocr_line' id='line_1_25' title="bbox 366 2078 1638 2135; baseline 0.006 -17"><span class='ocrx_word' id='word_1_195' title='bbox 366 2078 573 2120; x_wconf 88' lang='lat' dir='ltr'>cidenfium</span> <span class='ocrx_word' id='word_1_196' title='bbox 594 2082 723 2135; x_wconf 87' lang='lat' dir='ltr'>gravis</span> <span class='ocrx_word' id='word_1_197' title='bbox 744 2091 963 2128; x_wconf 82' lang='lat' dir='ltr'>armatura,</span> <span class='ocrx_word' id='word_1_198' title='bbox 989 2081 1032 2122; x_wconf 88' lang='lat'>&amp;</span> <span class='ocrx_word' id='word_1_199' title='bbox 1050 2094 1140 2122; x_wconf 89' lang='lat' dir='ltr'>cum</span> <span class='ocrx_word' id='word_1_200' title='bbox 1160 2081 1234 2122; x_wconf 90' lang='lat' dir='ltr'>illis</span> <span class='ocrx_word' id='word_1_201' title='bbox 1255 2080 1431 2123; x_wconf 89' lang='lat' dir='ltr'>nonnulli</span> <span class='ocrx_word' id='word_1_202' title='bbox 1450 2083 1638 2125; x_wconf 86' lang='lat' dir='ltr'>auxiliarii</span> 
     </span>
     <span class='ocr_line' id='line_1_26' title="bbox 367 2148 1638 2200; baseline 0.002 -8"><span class='ocrx_word' id='word_1_203' title='bbox 367 2148 510 2192; x_wconf 87' lang='lat' dir='ltr'>milites</span> <span class='ocrx_word' id='word_1_204' title='bbox 541 2150 590 2190; x_wconf 88' lang='lat' dir='ltr'>ab</span> <span class='ocrx_word' id='word_1_205' title='bbox 610 2150 906 2192; x_wconf 75' lang='lat' dir='ltr'>Atheniensibus</span> <span class='ocrx_word' id='word_1_206' title='bbox 929 2151 1168 2200; x_wconf 87' lang='lat' dir='ltr'>vincuntur,</span> <span class='ocrx_word' id='word_1_207' title='bbox 1189 2151 1231 2192; x_wconf 80' lang='grc' dir='ltr'>δι</span> <span class='ocrx_word' id='word_1_208' title='bbox 1253 2153 1293 2192; x_wconf 91' lang='lat' dir='ltr'>in</span> <span class='ocrx_word' id='word_1_209' title='bbox 1313 2153 1454 2194; x_wconf 89' lang='lat' dir='ltr'>urbem</span> <span class='ocrx_word' id='word_1_210' title='bbox 1475 2151 1552 2194; x_wconf 86' lang='lat' dir='ltr'>sese</span> <span class='ocrx_word' id='word_1_211' title='bbox 1578 2167 1638 2195; x_wconf 88' lang='lat' dir='ltr'>re-</span> 
     </span>
     <span class='ocr_line' id='line_1_27' title="bbox 367 2218 1640 2279; baseline 0.005 -21"><span class='ocrx_word' id='word_1_212' title='bbox 367 2218 524 2273; x_wconf 90' lang='lat' dir='ltr'>cipiunt.</span> <span class='ocrx_word' id='word_1_213' title='bbox 554 2220 860 2263; x_wconf 75' lang='lat' dir='ltr'>Chalcidensium</span> <span class='ocrx_word' id='word_1_214' title='bbox 883 2236 984 2264; x_wconf 84' lang='lat' dir='ltr'>vero</span> <span class='ocrx_word' id='word_1_215' title='bbox 1006 2225 1224 2279; x_wconf 87' lang='lat' dir='ltr'>equitatus,</span> <span class='ocrx_word' id='word_1_216' title='bbox 1246 2237 1297 2265; x_wconf 92' lang='lat' dir='ltr'>ac·</span> <span class='ocrx_word' id='word_1_217' title='bbox 1321 2224 1420 2265; x_wconf 89' lang='lat' dir='ltr'>levis</span> <span class='ocrx_word' id='word_1_218' title='bbox 1443 2233 1640 2264; x_wconf 84' lang='lat' dir='ltr'>armatura</span> 
     </span>
    </p>
   </div>
   <div class='ocr_carea' id='block_1_7' title="bbox 368 2290 1711 2349">
    <p class='ocr_par' dir='ltr' id='par_1_7' title="bbox 368 2290 1711 2349">
     <span class='ocr_line' id='line_1_28' title="bbox 368 2290 1711 2349; baseline 0.004 -18"><span class='ocrx_word' id='word_1_219' title='bbox 368 2290 490 2331; x_wconf 84' lang='lat' dir='ltr'>vincit</span> <span class='ocrx_word' id='word_1_220' title='bbox 500 2290 796 2333; x_wconf 73' lang='lat' dir='ltr'>Atheniensium</span> <span class='ocrx_word' id='word_1_221' title='bbox 812 2295 1051 2349; x_wconf 85' lang='lat' dir='ltr'>equitatum,</span> <span class='ocrx_word' id='word_1_222' title='bbox 1065 2295 1247 2337; x_wconf 88' lang='lat' dir='ltr'>&amp;levem</span> <span class='ocrx_word' id='word_1_223' title='bbox 1262 2307 1510 2338; x_wconf 86' lang='lat' dir='ltr'>armaturam.</span> <span class='ocrx_word' id='word_1_224' title='bbox 1524 2295 1641 2338; x_wconf 85' lang='lat' dir='ltr'>Chal·</span> <span class='ocrx_word' id='word_1_225' title='bbox 1708 2297 1711 2306; x_wconf 90' lang='grc'><em>“</em></span> 
     </span>
    </p>
   </div>
   <div class='ocr_carea' id='block_1_8' title="bbox 369 2360 1640 2419">
    <p class='ocr_par' dir='ltr' id='par_1_8' title="bbox 369 2360 1640 2419">
     <span class='ocr_line' id='line_1_29' title="bbox 369 2360 1640 2419; baseline 0.004 -17"><span class='ocrx_word' id='word_1_226' title='bbox 369 2360 538 2404; x_wconf 82' lang='lat' dir='ltr'>cidenses</span> <span class='ocrx_word' id='word_1_227' title='bbox 558 2373 688 2404; x_wconf 88' lang='lat' dir='ltr'>autem</span> <span class='ocrx_word' id='word_1_228' title='bbox 712 2363 904 2405; x_wconf 87' lang='lat' dir='ltr'>habebant</span> <span class='ocrx_word' id='word_1_229' title='bbox 923 2365 1099 2419; x_wconf 88' lang='lat' dir='ltr'>aliquot,</span> <span class='ocrx_word' id='word_1_230' title='bbox 1120 2377 1203 2405; x_wconf 92' lang='lat' dir='ltr'>non</span> <span class='ocrx_word' id='word_1_231' title='bbox 1231 2364 1376 2405; x_wconf 91' lang='lat' dir='ltr'>multos</span> <span class='ocrx_word' id='word_1_232' title='bbox 1398 2375 1555 2415; x_wconf 86' lang='lat' dir='ltr'>tamen,</span> <span class='ocrx_word' id='word_1_233' title='bbox 1578 2379 1640 2407; x_wconf 85' lang='lat' dir='ltr'>ce·</span> 
     </span>
    </p>
   </div>
   <div class='ocr_carea' id='block_1_9' title="bbox 370 2423 1729 2491">
    <p class='ocr_par' dir='ltr' id='par_1_9' title="bbox 370 2423 1729 2491">
     <span class='ocr_line' id='line_1_30' title="bbox 370 2423 1729 2491; baseline 0.002 -18"><span class='ocrx_word' id='word_1_234' title='bbox 370 2442 492 2474; x_wconf 85' lang='lat' dir='ltr'>tratos</span> <span class='ocrx_word' id='word_1_235' title='bbox 515 2447 566 2475; x_wconf 84' lang='lat' dir='ltr'>ex</span> <span class='ocrx_word' id='word_1_236' title='bbox 587 2447 706 2489; x_wconf 86' lang='lat' dir='ltr'>agro,</span> <span class='ocrx_word' id='word_1_237' title='bbox 730 2436 797 2490; x_wconf 91' lang='lat' dir='ltr'>qui</span> <span class='ocrx_word' id='word_1_238' title='bbox 813 2434 945 2476; x_wconf 83' lang='lat' dir='ltr'>Crufis</span> <span class='ocrx_word' id='word_1_239' title='bbox 965 2435 1200 2491; x_wconf 83' lang='lat' dir='ltr'>appellatur,</span> <span class='ocrx_word' id='word_1_240' title='bbox 1223 2447 1393 2489; x_wconf 89' lang='lat' dir='ltr'>cumque</span> <span class='ocrx_word' id='word_1_241' title='bbox 1411 2447 1493 2476; x_wconf 90' lang='lat' dir='ltr'>non</span> <span class='ocrx_word' id='word_1_242' title='bbox 1512 2435 1639 2476; x_wconf 90' lang='lat' dir='ltr'>multo</span> <span class='ocrx_word' id='word_1_243' title='bbox 1702 2423 1729 2468; x_wconf 39' lang='lat' dir='ltr'>‘&#39;s*</span> 
     </span>
    </p>
   </div>
   <div class='ocr_carea' id='block_1_10' title="bbox 370 2499 1732 2559">
    <p class='ocr_par' dir='ltr' id='par_1_10' title="bbox 370 2499 1732 2559">
     <span class='ocr_line' id='line_1_31' title="bbox 370 2499 1732 2559; baseline 0 -17"><span class='ocrx_word' id='word_1_244' title='bbox 370 2512 461 2544; x_wconf 88' lang='lat' dir='ltr'>ante</span> <span class='ocrx_word' id='word_1_245' title='bbox 480 2503 674 2559; x_wconf 87' lang='lat' dir='ltr'>proelium</span> <span class='ocrx_word' id='word_1_246' title='bbox 692 2503 937 2547; x_wconf 74' lang='lat' dir='ltr'>commissum</span> <span class='ocrx_word' id='word_1_247' title='bbox 956 2503 1101 2556; x_wconf 78' lang='lat' dir='ltr'>fuisset,</span> <span class='ocrx_word' id='word_1_248' title='bbox 1121 2504 1195 2546; x_wconf 82' lang='lat' dir='ltr'>alia</span> <span class='ocrx_word' id='word_1_249' title='bbox 1218 2514 1455 2546; x_wconf 86' lang='lat' dir='ltr'>cetratorum</span> <span class='ocrx_word' id='word_1_250' title='bbox 1479 2516 1643 2554; x_wconf 62' lang='lat' dir='ltr'>manus,</span> <span class='ocrx_word' id='word_1_251' title='bbox 1698 2499 1732 2554; x_wconf 66' lang='lat' dir='ltr'>„j</span> 
     </span>
    </p>
   </div>
   <div class='ocr_carea' id='block_1_11' title="bbox 1691 329 1734 3082">
    <p class='ocr_par' dir='ltr' id='par_1_11' title="bbox 1691 329 1734 3082">
     <span class='ocr_line' id='line_1_32' title="bbox 1691 329 1734 3082; baseline 0 0"><span class='ocrx_word' id='word_1_252' title='bbox 1691 329 1734 3082; x_wconf 95' lang='lat' dir='ltr'> </span> 
     </span>
    </p>
   </div>
  </div>
 </body>
</html>
