1734 3158
471 357 956 408 EP1T0ME
1020 360 1318 408 LIBRI
1382 329 1541 419 111(

419 478 657 554 QUARTO
686 496 797 526 anno
826 479 923 525 belli
946 479 1318 545 Peloponncfiaci.
1348 498 1443 527 cum
1466 483 1630 527 iterum

351 547 548 597 ⁴Atticam
565 551 855 616 Peloponnefii
886 569 980 597 cum
1012 555 1202 598 exercitu
1233 554 1494 617 invaliffint,
1517 553 1624 598 Les-¹

356 625 430 670 bus
451 628 586 671 omnis
605 626 657 671 ab
672 625 1020 687 Athenienfibus,
1029 638 1206 690 praeter
1217 627 1533 690 Methymnam,
1550 625 1621 670 de-

340 697 471 760 fecit.
514 697 626 759 Cap.
648 710 707 742 II.
731 696 835 771 Qua
864 697 912 742 de
944 698 1072 758 causa
1094 698 1394 759 Athenienses,
1427 698 1549 759 claffi3
1577 713 1624 742 eo

355 770 558 834 copiis9ue
593 772 744 832 mff5³
778 771 1009 834 Mitylenen
1046 784 1174 836 caput
1217 773 1380 834 insulae
1416 772 1624 834 obsidione

352 843 593 886 cinxerunt.
619 854 693 887 VI.
714 842 889 887 Interea
907 859 1001 887 cum
1021 842 1159 904 obseffl
1176 843 1376 889 hac‘lenus
1389 843 1623 889 Plataeen-

336 915 413 976 ses
425 915 554 978 fame
568 928 888 980 premerentur,
914 916 1084 962 ducenti
1104 934 1157 963 ex
1177 918 1301 963 eis‘da·
1321 917 1535 964 duodecim
1552 919 1623 962 in·-

332 987 485 1049 stgnis
508 987 713 1032 audaciae
727 989 837 1035 viri,
857 989 981 1033 notia
1000 987 1391 1053 Peloponnesiorum
1416 991 1621 1035 munitio-

349 1077 430 1126 nes,
433 1061 573 1121 scalis
603 1061 871 1123 transgreffi,
900 1062 1128 1108 incolumes
1146 1079 1285 1109 omnes
1302 1062 1495 1110 Athenas
1514 1077 1623 1129 pro-

335 1133 571 1198 fugerunt.
608 1146 745 1183 XXII.
772 1134 1067 1200 Peloponnefii
1085 1136 1279 1182 Atticam
1307 1138 1501 1198 ingreffi.
1525 1153 1622 1182 ma-

345 1225 438 1268 gna
479 1224 570 1252 eam
599 1207 718 1253 clade
746 1208 1001 1270 evastarunt.
1036 1221 1191 1256 XXVI.
1223 1208 1371 1256 Naves
1397 1209 1620 1255 eorundem

335 1280 526 1343 subfidio
544 1281 708 1326 Lesbiis
729 1282 896 1344 mffze,
930 1293 1020 1327 tum
1042 1284 1234 1347 primum
1264 1283 1432 1328 Ioniam
1457 1284 1620 1342 attige-

348 1367 464 1400 runt.
495 1368 649 1403 XXVI.
677 1355 928 1419 Mitylenaei
942 1369 948 1373 ’
950 1356 1078 1420 fame
1114 1359 1247 1402 coacti
1279 1356 1528 1403 deditionem
1539 1356 1621 1420 fe·-

349 1439 517 1472 cerunt.
547 1440 753 1476 XXVIII.
779 1427 852 1473 De
877 1445 1019 1474 eorum
1027 1429 1243 1494 supplicio
1265 1446 1427 1490 magna
1449 1440 1623 1474 conten-

350 1501 459 1545 tione
490 1501 631 1546 ac‘lum
655 1501 733 1562 (ss,
751 1502 857 1546 vicit
881 1513 1021 1547 tamen
1038 1499 1221 1547 Diodoti
1240 1502 1373 1548 lenior
1381 1502 1619 1564 sententia.

347 1584 495 1618 XLIX.
524 1571 691 1637 Dispar
723 1572 1041 1636 Plataeenfium
1070 1586 1241 1621 eventus
1257 1574 1388 1639 suit.-
1422 1575 1495 1636 qui
1523 1589 1620 1618 cum

348 1646 488 1691 eodem
514 1658 694 1711 tempore
703 1646 832 1710 fame
845 1647 1020 1708 subaeli
1033 1648 1463 1694 Lacedaemoniorum
1474 1647 1528 1708 se
1545 1664 1620 1692 ar-

350 1720 473 1766 bitrio
502 1721 772 1784 dedidiffient,
797 1721 849 1766 ab
875 1723 934 1766 eis
945 1722 1059 1783 sunt
1082 1724 1312 1768 interemti.
1345 1734 1494 1767 LXIX.
1510 1721 1620 1768 Sae-⁴

346 1794 508 1854 ‘viffima
530 1795 630 1838 item
650 1792 766 1857 apud
784 1792 1036 1856 Corcyraeos
1049 1794 1209 1856 seditio
1231 1793 1506 1855 describitur:
1534 1811 1619 1855 qua

347 1869 570 1931 optimates
602 1885 628 1912 a
651 1867 773 1931 plebe
793 1867 884 1928 sua
907 1867 1110 1932 superati
1131 1869 1298 1933 partim
1329 1868 1453 1930 occifi
1474 1867 1619 1928 sunt,

339 1941 507 2004 partim
514 1939 825 2004 profugerunt.
842 1950 966 1984 LXX.
983 1950 1187 1984 LXXXV.
1205 1937 1520 2001 Peloponnefios
1533 1937 1620 1982 At·-

350 2013 480 2056 ticam
504 2012 760 2074 ingrffcros
786 2022 925 2057 terrae
945 2022 1083 2056 motus
1101 2022 1359 2057 averterunt.
1388 2021 1619 2055 LXXXIX.
1690 2007 1710 2054 J

346 2085 580 2147 Meffanam
597 2087 641 2131 in
658 2085 812 2130 Sicilia
829 2083 1103 2145 Athenienses
1127 2094 1401 2148 occuparunt.
1420 2094 1508 2127 XC.
1527 2068 1620 2127 He·

347 2160 536 2206 racleam
560 2161 603 2205 in
627 2159 840 2205 Trachine
865 2159 1071 2204 coloniam
1092 2157 1417 2205 Lacedaemonii
1433 2155 1621 2202 deduxe-
1731 2171 1734 2205 ζ

347 2244 465 2278 runt.
493 2244 622 2277 XCII.
641 2230 940 2294 Demcfihenes
957 2231 1224 2292 Athenietfis
1243 2229 1355 2278 dux,
1375 2245 1469 2274 cum
1486 2228 1621 2273 Aeto-

349 2306 402 2350 lis
427 2305 578 2349 bellum
607 2305 836 2366 intuliffim
855 2305 991 2350 vitius
1018 2303 1069 2348 ab
1097 2304 1156 2347 eis
1175 2302 1332 2347 multos
1361 2301 1538 2346 eximios
1555 2301 1620 2345 ci·

347 2395 418 2426 ‘ves
451 2379 605 2439 amifit.
649 2389 846 2424 XCVIII.
877 2376 1039 2422 Delum
1062 2375 1336 2436 Athenienses
1364 2374 1616 2436 lustrarunt.

350 2463 457 2498 CIV.
477 2451 724 2496 Acarnanes
741 2451 1050 2497 Ambraciotis,
1082 2448 1345 2493 memorabili
1364 2447 1504 2496 clade⁴
1520 2444 1619 2505 Den⁴
1682 2463 1683 2479 ³

346 2524 552 2589 mosthene
574 2525 698 2574 duce,
725 2526 872 2573 victis,
889 2540 1041 2588 pacem
1062 2522 1281 2569 dederunt.
1302 2533 1458 2570 CXIII.
