1734 3158
352 217 439 282 136
578 215 1323 270 *THUCYDIDIS

345 309 544 401 Κνημου,
565 311 663 370 ναῧς
681 333 727 364 τε
748 309 1070 405 περιηγγελλον
1092 334 1216 366 κατα
1236 311 1407 372 πέλεις,
1428 311 1507 374 καὶ
1529 339 1609 375 τας
1662 336 1665 337 ’

345 387 712 479 προϋπαρχούσας
735 386 1005 480 ἒξηρτύοντο“
978 413 1033 448 ως
1055 392 1126 442 ἐπι
1153 395 1419 458 ναυμαχιᾞαν
1438 389 1608 483 πέμπει

345 457 391 519 δε
409 488 487 518 και
507 489 526 517 ο
515 466 760 539 Φορμίων
750 487 789 523 ες
806 487 889 524 τας
902 463 1144 527 Ἀθηνας
1089 490 1159 530 την
1173 488 1219 519 τε
1236 488 1513 541 παρασκευην
1529 471 1611 519 αὐ-

347 566 426 596 των
443 543 775 608 ἀγγελοῦντας,
794 541 872 594 καὶ
863 565 983 634 περι
1001 566 1073 604 της
1091 549 1343 614 ναυμαχίας
1361 569 1403 607 ην
1423 545 1611 606 ἐνίκησαν

349 618 607 692 φράσοντας
638 641 715 670 και
746 614 929 671 κελευων
959 620 1077 692 αὐτῷ
1103 620 1202 678 ναῧς
1233 623 1512 678 ὁτιπλείοτας
1542 616 1614 671 δια

351 695 514 788 τρίχους
542 698 830 750 αποστειλαι,
859 695 913 752 ὡς
938 695 1034 747 καθ’
1061 698 1212 786 ἡμέραν
1238 695 1419 757 ἑκάστην
1447 695 1617 754 ἐλπίδος

350 769 471 832 οὖα-ης
489 769 557 823 αει
576 791 886 859 ναυμαχησειν.
903 776 937 821 οἱ
957 762 1038 823 δε
1017 794 1351 844 αποπεμπουσιν
1372 794 1500 826 camon
1516 794 1615 830 ναυς

324 911 329 915 ἱ
351 848 482 919 αὐτῷ·
503 873 563 920 τῳ
540 839 628 898 δε
646 852 847 938 κομίζοντι
867 845 1004 906 αὐτας
1021 845 1385 940 προσεπέστειλαν
1405 852 1444 908 ἐς
1455 846 1616 922 Κρητην

352 948 510 1014 πρωτον
530 905 806 987 amasso-Sus.
829 923 992 982 Νικίας
1012 922 1103 993 γαρ
1126 919 1240 998 Κρης
1264 922 1493 999 Γορτυνιος,
1513 948 1616 997 προ-

353 1003 494 1081 ξενος
478 1024 552 1056 ων,
570 1002 699 1052 πείθει
714 996 862 1056 αὐτους
878 1000 948 1051 ἒπι
927 998 1174 1054 Κυδωνίαν
1192 1002 1411 1088 πλΝεῧσ-αι,
1427 1001 1617 1065 voco-nm

353 1097 648 1150 προσ-ποιησειν
664 1098 787 1137 αυτην
804 1098 932 1129 ουσαν
946 1083 1177 1149 πολεμίαν
1198 1076 1336 1144 {mi-72
1349 1069 1415 1133 δε,
1432 1078 1618 1139 Πολιχ-

355 1158 483 1211 νίταις
501 1151 812 1224 χαριζομένος
795 1175 948 1245 ομοροις
966 1178 1045 1206 των
1063 1154 1350 1206 Κυδωνιατων.
1376 1176 1455 1205 και
1478 1155 1496 1204 ὁ
1519 1175 1617 1223 μεν,

352 1223 513 1291 λαβων
541 1252 622 1287 τας
657 1229 778 1287 ναῧς,
816 1219 952 1297 ᾤχετο
989 1233 1028 1288 ἐς
1063 1228 1246 1302 Κρητην,
1279 1253 1359 1282 και
1390 1252 1510 1300 μετα
1539 1251 1619 1280 των

353 1304 628 1370 Πολιχνιτων
661 1300 840 1361 ἐδέου
802 1329 870 1367 την
896 1328 974 1371 ‘yma
1002 1330 1079 1359 των
1106 1305 1395 1360 Κυδωνιατων
1428 1328 1506 1358 και
1536 1300 1620 1356 ὑπο

354 1453 514 1507 singulis
539 1453 757 1494 civitatibus
776 1454 1033 1507 imperarunt,
1056 1453 1098 1494 &
1122 1466 1218 1507 quas
1238 1453 1314 1493 iam
1338 1452 1555 1502 habebant,
1574 1451 1623 1493 ad

355 1523 498 1564 navale
527 1522 719 1577 proelium
750 1523 1068 1565 committendum
1100 1522 1340 1564 reficiebant.
1371 1523 1559 1563 Phormio
1581 1522 1624 1563 δι

355 1591 433 1647 ipse
455 1592 634 1633 Athenas
656 1591 777 1642 misit,
802 1592 870 1646 qui
891 1591 1291 1635 Lacedaemoniorum
1318 1603 1543 1648 apparatum
1563 1593 1624 1632 in-

355 1660 553 1711 dicarent,
578 1661 622 1701 &
646 1660 786 1715 proelii
804 1660 951 1701 navalis
974 1659 1179 1702 vi&oriam
1203 1675 1225 1702 a
1247 1661 1285 1702 se
1306 1674 1457 1717 partam
1479 1661 1624 1716 fignifi-

356 1739 502 1771 carent.
533 1730 741 1784 petiitque,
764 1742 809 1770 ut
829 1743 950 1784 quam
965 1731 1148 1785 plurimas
1168 1744 1290 1773 naves
1309 1732 1437 1786 primo
1461 1745 1624 1787 quoque

357 1809 538 1854 tempore
562 1800 609 1839 ad
644 1798 682 1840 se
711 1800 933 1850 mitterent,
964 1800 1071 1854 quod
1102 1801 1274 1855 quotidie
1308 1801 1447 1856 proelii
1473 1801 1626 1843 navalis

358 1869 621 1910 committendi
640 1868 723 1924 spes
742 1869 845 1910 effer.
867 1869 928 1910 Illi
947 1883 1048 1911 vero
1066 1871 1205 1925 viginti
1223 1883 1347 1911 naves
1361 1870 1409 1910 ad
1425 1883 1516 1911 eum
1537 1871 1629 1911 mit-

357 1948 459 1978 tunt.
486 1938 533 1978 Ei
547 1949 678 1979 autem
691 1970 704 1989 ,
725 1938 794 1993 qui
813 1951 879 1987 eas
902 1939 1136 1989 adducebat,
1154 1951 1351 1994 praeterea
1371 1939 1625 1992 mandarunt,

358 2016 404 2046 ut
431 2007 601 2060 primum
634 2006 673 2046 in
704 2006 862 2048 Cretam
895 2009 1110 2062 navigaret.
1146 2010 1280 2051 Nicias
1309 2010 1412 2051 enim
1434 2010 1626 2053 Cretensis

360 2075 611 2128 Gortynius,
635 2077 703 2131 qui
722 2087 805 2118 erat
824 2076 1120 2119 Atheniensium
1141 2078 1303 2134 hospes,
1323 2078 1411 2134 ipsis
1429 2077 1629 2133 persuasit,

362 2158 411 2189 ut
437 2149 477 2188 in
502 2148 728 2202 Cydoniam
753 2151 1009 2204 navigarent,
1032 2151 1161 2192 dicens
1185 2150 1295 2201 fore,
1323 2162 1368 2191 ut
1388 2163 1499 2201 eam,
1528 2165 1629 2206 quae

359 2216 449 2273 ipsis
470 2229 554 2259 erat
580 2220 758 2270 inimica,
785 2221 825 2260 in
854 2219 1027 2274 ipsorum
1052 2219 1279 2275 potestatem
1306 2219 1504 2274 redigeret.
1536 2220 1630 2262 Illos

361 2300 494 2331 autem
517 2290 565 2330 ad
588 2290 666 2331 hoc
688 2291 907 2332 faciendum
934 2291 1107 2343 induxit,
1131 2291 1351 2332 Polichnitis
1366 2322 1378 2341 ,
1399 2291 1466 2346 qui
1487 2291 1629 2344 Cydo-

361 2361 476 2402 niatis
504 2371 615 2403 erant
638 2361 818 2412 finitimi,
849 2361 1051 2417 gratificari
1083 2362 1251 2416 cupiens.
1288 2360 1422 2415 Atque
1451 2361 1513 2402 ille
1539 2363 1631 2417 qui-

362 2433 450 2477 dem
473 2447 563 2475 cum
594 2433 783 2483 navibus,
809 2447 908 2488 quas
934 2444 1163 2488 acceperat,
1194 2434 1234 2473 in
1254 2433 1410 2475 Cretam
1438 2432 1555 2483 abiit,
1584 2433 1629 2474 δι·

361 2515 454 2544 cum
472 2502 695 2545 Polichnitis
707 2502 1018 2557 Cydoniatarum
1032 2516 1167 2559 agrum
1185 2501 1361 2548 vastavit.
1381 2502 1516 2558 Ibique
1534 2516 1630 2561 cum
