1734 3158
370 212 464 274 246
655 210 1345 262 THUCYDIDIS

367 325 472 358 νειοον
492 300 649 360 αὐτων,
664 307 753 378 βίᾳ
770 328 846 377 μεν
866 308 941 358 οὐκ
961 303 1195 368 ἐβουλετο
1181 307 1284 357 ελεῖν
1301 298 1522 376 (εἰρημένον
1535 326 1633 374 γαρ

365 404 408 442 ην
431 380 550 451 αὐτῷ
568 383 617 432 ὲκ
638 380 1037 451 Λακεδάίμονος,’
1012 389 1147 439 ὁπως,
1174 390 1207 434 εὶ
1226 377 1404 433 σπονδσοι
1425 387 1631 446 γιγνοιντο

368 477 472 509 ποτε
486 479 586 528 προς
602 457 832 518 Ἀθηναίους
842 496 854 513 ,
870 482 948 511 κοιι
968 456 1264 530 ξυγχωροῖεν
1239 479 1324 509 οσοο
1337 454 1522 528 πολέμῳ
1534 478 1631 520 χω-

364 537 435 605 ρίοο
466 555 631 595 εχουσιν
657 533 839 606 ἑκάτεροι
863 534 1180 589 ἀποδίδοσθαι,
1210 558 1273 604 μη
1301 533 1496 590 ἀνάδοτος
1524 533 1580 592 εἴη
1607 533 1634 592 ἦ

367 607 670 665 Πλάταιιοι,
643 633 698 667 ως
718 608 851 661 αὐτων
872 609 1034 661 ἑκόντων
1054 602 1478 701 προσχωρησοιντων)
1498 629 1631 681 προσ-

365 679 564 775 πὲμπει
548 675 594 736 δε
606 687 746 742 αὐτοις
761 708 946 757 κηρυκοο,
966 682 1175 749 λεγοντα,
1193 708 1227 737 ει
1218 682 1468 746 ’βουλοντοοι
1483 705 1633 756 παροι-

367 754 564 813 δοῦναι
521 783 590 821 την
608 759 734 813 πολιν
755 783 907 819 εκοντες
922 763 1004 819 τοῖς
1017 761 1390 831 Λακεδαιμονίοις,
1411 783 1488 812 ma
1509 761 1632 812 δικω·

367 859 493 893 παις
518 837 676 894 εκείνοις
709 835 998 908 χρησασθαι,
1027 834 1120 894 τούς
1147 859 1192 888 τε
1220 837 1385 894 ἀδίκους
1414 835 1632 900 κολαζειν,

365 935 492 994 παρα,
509 912 618 973 δίκην
638 904 703 968 δε,
724 909 876 964 οὐδενοι.
897 912 1093 965 roo-afim
1114 934 1188 982 μεν
1205 916 1224 963 ὁ
1244 910 1428 1003 κηρυξ
1386 921 1508 965 εἶπεν.
1530 917 1573 965 οἱ
1585 901 1633 962 δε

368 983 433 1059 (”
409 1010 515 1048 ησσον
529 1009 622 1056 γοορ
638 985 737 1049 ἧδη’
727 1011 762 1040 εν
777 1013 837 1040 τω
814 982 1202 1059 ἀσθενεστάτῳ)
1216 982 1511 1060 παρέδοσαν
1469 1012 1536 1049 την
1549 986 1633 1039 πί-

365 1076 448 1117 λιν.
465 1086 543 1115 κοιι
561 1088 654 1121 τους
666 1061 965 1122 Πλατωιεοος
954 1060 1118 1137 ετρεφον
1136 1087 1168 1115 οι
1161 1061 1547 1124 ‘Hern-ovvnonoa
1526 1086 1633 1132 ημε*

366 1162 442 1213 ροις
454 1136 588 1198 τινέος,
607 1161 644 1192 εν
662 1138 747 1211 ὅσῳ
769 1146 804 1192 οἱ
823 1143 873 1192 ὲκ
889 1164 959 1200 της
974 1141 1299 1229 Αοοκεδοοιμονος
1314 1137 1516 1191 &nam-as
1530 1162 1631 1191 mit-⁶

365 1238 411 1268 τε
429 1215 563 1287 ἄνδρες
588 1219 807 1273 ἀφίκοντο.
835 1216 1026 1268 ελθοντων
1052 1208 1098 1267 δε
1123 1214 1279 1270 αὐτων,
1297 1221 1535 1288 κατηγορίαι
1553 1235 1631 1286 μεν

365 1292 542 1363 οὐδεμίαι
568 1288 770 1365 προετέθη·
799 1291 955 1366 ἠρώτων
987 1284 1034 1344 δε
1063 1290 1211 1350 αὐτους
1239 1292 1602 1362 ἐπικαλεσάμενοι
1615 1326 1629 1346 2

363 1445 445 1490 sare
458 1459 540 1491 non
559 1458 753 1503 poterant.
772 1448 910 1501 Quare
930 1447 1009 1489 dux
1021 1446 1370 1496 Lacedaemonius,
1385 1459 1476 1488 cum
1490 1459 1631 1487 eorum

363 1520 665 1562 imbecillitatem
682 1517 926 1573 cognovisset
936 1550 949 1568 ,
969 1530 1038 1572 per
1050 1518 1132 1559 vim
1149 1516 1304 1571 quidem
1318 1529 1387 1556 eos
1408 1528 1545 1571 capere
1558 1528 1632 1556 no-

360 1591 456 1641 luit,
484 1589 589 1646 (hoc
607 1590 710 1632 enim
731 1603 754 1630 a
766 1588 1167 1630 Lacedaemoniorum
1190 1586 1471 1642 magistratibus
1490 1588 1526 1628 ei
1546 1586 1632 1629 fue·-

361 1672 423 1701 rat
441 1660 705 1711 interdictum,
726 1671 795 1710 ut,
819 1659 848 1700 fi
869 1658 972 1700 forte
991 1658 1128 1700 foedus
1161 1658 1367 1713 aliquando
1389 1652 1479 1702 cum
1508 1657 1631 1700 Athe-

362 1730 558 1771 niensibus
581 1729 691 1772 fieret
706 1761 718 1780 ,
744 1730 787 1771 δι
810 1730 970 1784 utrique
996 1729 1142 1784 oppida
1164 1727 1268 1770 bello
1300 1738 1414 1782 capta
1427 1757 1440 1777 ,
1463 1740 1563 1781 quae
1588 1727 1631 1767 in

361 1800 431 1842 sua
459 1800 647 1856 potestate
682 1801 870 1842 haherent
883 1832 898 1849 ,
930 1799 1122 1842 reddenda
1154 1798 1419 1840 consentirent
1436 1830 1448 1849 ‚
1479 1797 1631 1839 Plataea

362 1887 446 1915 non
465 1875 710 1924 redderetur,
742 1873 849 1928 quod
879 1871 948 1927 ipsi
973 1869 1042 1912 sua
1068 1869 1204 1926 sponte
1233 1868 1272 1910 se
1293 1867 1540 1922 dedidiss'ent)
1566 1867 1632 1909 sed

362 1943 656 1986 caduceatorem
677 1944 724 1985 ad
751 1955 820 1984 eos
846 1941 969 1992 misit,
994 1942 1064 1996 qui
1089 1941 1261 1989 diceret,
1280 1938 1471 1993 numquid
1493 1938 1556 1988 se,
1583 1938 1628 1980 δε

362 2011 501 2053 urbem
524 2012 630 2053 ultro
651 2009 964 2052 Lacedaemoniis
978 2008 1135 2058 dedere,
1152 2017 1371 2059 eorumque
1388 2004 1534 2046 iudicio
1555 2005 1636 2049 sta-e*

361 2093 405 2121 re
424 2079 593 2129 vellent,
617 2093 662 2120 ea
690 2079 932 2127 conditione,
959 2089 1006 2118 ut
1033 2077 1079 2118 de
1101 2075 1275 2117 sontibus
1303 2072 1534 2129 supplicium
1565 2073 1630 2115 su-

360 2155 533 2195 merent,
555 2145 706 2186 nullum
723 2158 822 2187 vero
839 2143 981 2184 indista
998 2142 1110 2185 causa
1125 2144 1347 2184 damnarent
1367 2154 1415 2182 ac
1433 2142 1626 2196 punirent.

360 2213 496 2268 Atque
509 2215 738 2256 caduceator
754 2215 912 2269 quidem
933 2214 1026 2256 haec
1043 2224 1192 2254 tantum
1205 2213 1311 2253 dixit.
1330 2211 1391 2253 Illi
1410 2225 1511 2253 vero
1531 2211 1626 2266 (iam

360 2284 465 2324 enim
486 2283 526 2323 in
545 2295 716 2325 extrema
735 2284 993 2326 imbecillitate
1013 2283 1207 2326 constituti
1225 2285 1363 2334 erant)
1384 2283 1523 2324 urbem
1539 2283 1628 2338 ipfis

361 2351 596 2393 dediderunt.
621 2352 889 2407 Peloponnesii
916 2367 1016 2395 vero
1037 2351 1270 2394 Plataeenses
1290 2366 1359 2407 per
1376 2353 1526 2408 aliquot
1546 2355 1626 2396 dies

361 2420 561 2469 aluenmt,
576 2420 700 2462 donec
712 2421 1001 2463 Lacedaemone
1017 2422 1188 2476 quinque
1208 2421 1354 2462 iudices
1371 2421 1624 2464 advenerunt.

340 2489 344 2497 '
358 2492 463 2535 Cum
483 2503 611 2535 autem
630 2492 686 2534 illi
699 2491 907 2545 affuissent,
918 2493 1063 2537 nullam
1078 2493 1231 2549 quidem
1243 2493 1523 2537 accusationem
1536 2494 1624 2550 ipsis
