<?xml version="1.0" encoding="UTF-8"?>
<!DOCTYPE html PUBLIC "-//W3C//DTD XHTML 1.0 Transitional//EN"
    "http://www.w3.org/TR/xhtml1/DTD/xhtml1-transitional.dtd">
<html xmlns="http://www.w3.org/1999/xhtml" xml:lang="en" lang="en">
 <head>
  <title>
</title>
<meta http-equiv="Content-Type" content="text/html;charset=utf-8" />
  <meta name='ocr-system' content='tesseract 3.04.00' />
  <meta name='ocr-capabilities' content='ocr_page ocr_carea ocr_par ocr_line ocrx_word'/>
</head>
<body>
  <div class='ocr_page' id='page_1' title='image "./debellopeloponn02thucuoft_0408.png"; bbox 0 0 1734 3158; ppageno 0'>
   <div class='ocr_carea' id='block_1_1' title="bbox 352 191 1418 262">
    <p class='ocr_par' dir='ltr' id='par_1_1' title="bbox 352 191 1418 262">
     <span class='ocr_line' id='line_1_1' title="bbox 352 191 1418 262; baseline -0.004 -16"><span class='ocrx_word' id='word_1_1' title='bbox 352 196 451 262; x_wconf 41' lang='lat'>3&amp;</span> <span class='ocrx_word' id='word_1_2' title='bbox 550 191 1418 242; x_wconf 81' lang='lat' dir='ltr'>ANNOTATIONES</span> 
     </span>
    </p>
   </div>
   <div class='ocr_carea' id='block_1_2' title="bbox 353 274 1643 1474">
    <p class='ocr_par' dir='ltr' id='par_1_2' title="bbox 353 274 1628 502">
     <span class='ocr_line' id='line_1_2' title="bbox 354 274 1627 337; baseline -0.002 -10"><span class='ocrx_word' id='word_1_3' title='bbox 354 284 444 327; x_wconf 85' lang='lat' dir='ltr'>Mff.</span> <span class='ocrx_word' id='word_1_4' title='bbox 467 282 614 327; x_wconf 82' lang='lat' dir='ltr'>absunt.</span> <span class='ocrx_word' id='word_1_5' title='bbox 640 284 794 325; x_wconf 84' lang='lat' dir='ltr'>Aeneas</span> <span class='ocrx_word' id='word_1_6' title='bbox 814 283 841 324; x_wconf 90' lang='lat' dir='ltr'>l.</span> <span class='ocrx_word' id='word_1_7' title='bbox 869 282 905 323; x_wconf 91' lang='lat' dir='ltr'>d.</span> <span class='ocrx_word' id='word_1_8' title='bbox 924 280 943 325; x_wconf 73' lang='grc' dir='ltr'>ἧ</span> <span class='ocrx_word' id='word_1_9' title='bbox 965 280 1198 337; x_wconf 64' lang='grc' dir='ltr'>’γύναια-και)</span> <span class='ocrx_word' id='word_1_10' title='bbox 1221 281 1254 323; x_wconf 76' lang='grc' dir='ltr'>οἱ</span> <span class='ocrx_word' id='word_1_11' title='bbox 1274 281 1419 323; x_wconf 73' lang='grc' dir='ltr'><strong><em>οἰκέται</em></strong></span> <span class='ocrx_word' id='word_1_12' title='bbox 1439 274 1534 325; x_wconf 53' lang='grc' dir='ltr'>ἦσαν</span> <span class='ocrx_word' id='word_1_13' title='bbox 1557 281 1627 328; x_wconf 65' lang='grc' dir='ltr'>ἐπὶ</span> 
     </span>
     <span class='ocr_line' id='line_1_3' title="bbox 356 337 1626 394; baseline 0 -14"><span class='ocrx_word' id='word_1_14' title='bbox 356 339 447 380; x_wconf 72' lang='grc' dir='ltr'>ταῖς</span> <span class='ocrx_word' id='word_1_15' title='bbox 475 339 670 394; x_wconf 75' lang='grc' dir='ltr'><em>κεράμοις,</em></span> <span class='ocrx_word' id='word_1_16' title='bbox 701 339 810 392; x_wconf 90' lang='lat' dir='ltr'>quod</span> <span class='ocrx_word' id='word_1_17' title='bbox 832 337 1091 378; x_wconf 86' lang='lat' dir='ltr'>Casaubonus</span> <span class='ocrx_word' id='word_1_18' title='bbox 1119 337 1258 386; x_wconf 86' lang='lat' dir='ltr'>vertit,</span> <span class='ocrx_word' id='word_1_19' title='bbox 1291 339 1328 376; x_wconf 82' lang='lat' dir='ltr'>in</span> <span class='ocrx_word' id='word_1_20' title='bbox 1355 338 1448 376; x_wconf 64' lang='lat' dir='ltr'>nelis</span> <span class='ocrx_word' id='word_1_21' title='bbox 1471 340 1626 388; x_wconf 81' lang='lat' dir='ltr'>stabant.</span> 
     </span>
     <span class='ocr_line' id='line_1_4' title="bbox 353 390 1628 449; baseline 0.002 -17"><span class='ocrx_word' id='word_1_22' title='bbox 353 395 519 448; x_wconf 61' lang='grc' dir='ltr'><strong><em>Κέραμον</em></strong></span> <span class='ocrx_word' id='word_1_23' title='bbox 544 407 618 449; x_wconf 86' lang='lat' dir='ltr'>pro</span> <span class='ocrx_word' id='word_1_24' title='bbox 642 392 746 434; x_wconf 67' lang='lat' dir='ltr'>tecto</span> <span class='ocrx_word' id='word_1_25' title='bbox 770 393 857 442; x_wconf 87' lang='lat' dir='ltr'>dici,</span> <span class='ocrx_word' id='word_1_26' title='bbox 877 392 994 432; x_wconf 90' lang='lat' dir='ltr'>docet</span> <span class='ocrx_word' id='word_1_27' title='bbox 1016 390 1154 432; x_wconf 84' lang='lat' dir='ltr'>Pollux</span> <span class='ocrx_word' id='word_1_28' title='bbox 1174 391 1251 432; x_wconf 90' lang='lat' dir='ltr'>VII</span> <span class='ocrx_word' id='word_1_29' title='bbox 1265 420 1277 440; x_wconf 90' lang='lat'>,</span> <span class='ocrx_word' id='word_1_30' title='bbox 1309 392 1394 432; x_wconf 82' lang='lat'>162.</span> <span class='ocrx_word' id='word_1_31' title='bbox 1411 390 1484 432; x_wconf 87' lang='lat' dir='ltr'>Sed</span> <span class='ocrx_word' id='word_1_32' title='bbox 1498 405 1628 448; x_wconf 84' lang='lat' dir='ltr'>quae-</span> 
     </span>
     <span class='ocr_line' id='line_1_5' title="bbox 358 444 1467 502; baseline -0.004 -14"><span class='ocrx_word' id='word_1_33' title='bbox 358 460 407 489; x_wconf 91' lang='lat' dir='ltr'>ro</span> <span class='ocrx_word' id='word_1_34' title='bbox 418 479 430 498; x_wconf 94' lang='lat'>,</span> <span class='ocrx_word' id='word_1_35' title='bbox 452 449 539 502; x_wconf 90' lang='lat' dir='ltr'>quis</span> <span class='ocrx_word' id='word_1_36' title='bbox 558 446 578 490; x_wconf 67' lang='lat' dir='ltr'>ri</span> <span class='ocrx_word' id='word_1_37' title='bbox 603 448 764 501; x_wconf 71' lang='grc' dir='ltr'><strong><em>κέραμος</em></strong></span> <span class='ocrx_word' id='word_1_38' title='bbox 785 447 934 487; x_wconf 86' lang='lat' dir='ltr'>dixerit.</span> <span class='ocrx_word' id='word_1_39' title='bbox 1465 444 1467 447; x_wconf 75' lang='grc'>’</span> 
     </span>
    </p>

    <p class='ocr_par' dir='ltr' id='par_1_3' title="bbox 359 498 1634 759">
     <span class='ocr_line' id='line_1_6' title="bbox 413 498 1629 556; baseline -0.001 -14"><span class='ocrx_word' id='word_1_40' title='bbox 413 505 495 543; x_wconf 79' lang='lat' dir='ltr'>ibid.</span> <span class='ocrx_word' id='word_1_41' title='bbox 517 501 678 556; x_wconf 54' lang='lat' dir='ltr'>Kpauyss</span> <span class='ocrx_word' id='word_1_42' title='bbox 699 523 745 532; x_wconf 89' lang='lat'>—</span> <span class='ocrx_word' id='word_1_43' title='bbox 766 500 1008 549; x_wconf 70' lang='grc' dir='ltr'><strong><em>βαλλόντων)</em></strong></span> <span class='ocrx_word' id='word_1_44' title='bbox 1031 499 1173 540; x_wconf 89' lang='lat' dir='ltr'>Theon</span> <span class='ocrx_word' id='word_1_45' title='bbox 1200 498 1413 552; x_wconf 85' lang='lat' dir='ltr'>Progymn.</span> <span class='ocrx_word' id='word_1_46' title='bbox 1434 512 1522 554; x_wconf 85' lang='lat' dir='ltr'>pag.</span> <span class='ocrx_word' id='word_1_47' title='bbox 1553 508 1629 554; x_wconf 79' lang='lat'>55,&#39;</span> 
     </span>
     <span class='ocr_line' id='line_1_7' title="bbox 359 553 1629 610; baseline -0.002 -14"><span class='ocrx_word' id='word_1_48' title='bbox 359 558 428 610; x_wconf 91' lang='lat' dir='ltr'>qui</span> <span class='ocrx_word' id='word_1_49' title='bbox 447 556 623 610; x_wconf 77' lang='grc' dir='ltr'><strong><em>κέραμοις</em></strong></span> <span class='ocrx_word' id='word_1_50' title='bbox 641 555 882 595; x_wconf 82' lang='lat' dir='ltr'>inemendate</span> <span class='ocrx_word' id='word_1_51' title='bbox 902 555 1004 608; x_wconf 85' lang='lat' dir='ltr'>legit.</span> <span class='ocrx_word' id='word_1_52' title='bbox 1031 553 1132 593; x_wconf 88' lang='lat' dir='ltr'>infra</span> <span class='ocrx_word' id='word_1_53' title='bbox 1156 566 1244 608; x_wconf 85' lang='lat' dir='ltr'>pag.</span> <span class='ocrx_word' id='word_1_54' title='bbox 1266 554 1289 592; x_wconf 89' lang='lat'>8</span> <span class='ocrx_word' id='word_1_55' title='bbox 1310 554 1374 592; x_wconf 89' lang='lat' dir='ltr'>lin.</span> <span class='ocrx_word' id='word_1_56' title='bbox 1403 567 1424 592; x_wconf 83' lang='lat'><em>2</em></span> <span class='ocrx_word' id='word_1_57' title='bbox 1445 567 1520 608; x_wconf 88' lang='lat' dir='ltr'>pro</span> <span class='ocrx_word' id='word_1_58' title='bbox 1541 553 1629 594; x_wconf 73' lang='lat' dir='ltr'>cxl&gt;-</span> 
     </span>
     <span class='ocr_line' id='line_1_8' title="bbox 361 607 1627 662; baseline -0.002 -12"><span class='ocrx_word' id='word_1_59' title='bbox 361 626 416 660; x_wconf 81' lang='grc' dir='ltr'>τῳ</span> <span class='ocrx_word' id='word_1_60' title='bbox 438 610 499 651; x_wconf 90' lang='lat' dir='ltr'>Cl.</span> <span class='ocrx_word' id='word_1_61' title='bbox 523 608 673 655; x_wconf 75' lang='grc' dir='ltr'>σκότει,</span> <span class='ocrx_word' id='word_1_62' title='bbox 695 621 746 649; x_wconf 83' lang='lat' dir='ltr'>ex</span> <span class='ocrx_word' id='word_1_63' title='bbox 765 607 956 662; x_wconf 89' lang='lat' dir='ltr'>adscripto</span> <span class='ocrx_word' id='word_1_64' title='bbox 980 623 990 646; x_wconf 88' lang='grc' dir='ltr'><strong><em>ι</em></strong></span> <span class='ocrx_word' id='word_1_65' title='bbox 1015 620 1137 648; x_wconf 88' lang='lat' dir='ltr'>error.</span> <span class='ocrx_word' id='word_1_66' title='bbox 1169 608 1311 647; x_wconf 78' lang='lat' dir='ltr'>WAss.</span> <span class='ocrx_word' id='word_1_67' title='bbox 1332 607 1485 648; x_wconf 86' lang='lat' dir='ltr'>Tamen</span> <span class='ocrx_word' id='word_1_68' title='bbox 1511 609 1627 649; x_wconf 88' lang='lat' dir='ltr'>etiam</span> 
     </span>
     <span class='ocr_line' id='line_1_9' title="bbox 360 659 1634 704; baseline 0 0"><span class='ocrx_word' id='word_1_69' title='bbox 360 666 415 704; x_wconf 86' lang='lat' dir='ltr'>ita</span> <span class='ocrx_word' id='word_1_70' title='bbox 436 666 588 704; x_wconf 82' lang='lat' dir='ltr'>Aeneas</span> <span class='ocrx_word' id='word_1_71' title='bbox 609 664 634 703; x_wconf 90' lang='lat'>1.</span> <span class='ocrx_word' id='word_1_72' title='bbox 659 663 693 703; x_wconf 87' lang='lat' dir='ltr'>d.</span> <span class='ocrx_word' id='word_1_73' title='bbox 717 663 760 703; x_wconf 87' lang='lat'>&amp;</span> <span class='ocrx_word' id='word_1_74' title='bbox 781 662 924 703; x_wconf 88' lang='lat' dir='ltr'>Theon</span> <span class='ocrx_word' id='word_1_75' title='bbox 947 661 1080 703; x_wconf 87' lang='lat' dir='ltr'>eadem</span> <span class='ocrx_word' id='word_1_76' title='bbox 1103 661 1359 702; x_wconf 85' lang='lat' dir='ltr'>declinatione</span> <span class='ocrx_word' id='word_1_77' title='bbox 1384 659 1454 701; x_wconf 62' lang='grc' dir='ltr'>ἒιά.</span> <span class='ocrx_word' id='word_1_78' title='bbox 1476 676 1523 703; x_wconf 83' lang='grc' dir='ltr'>τε</span> <span class='ocrx_word' id='word_1_79' title='bbox 1546 676 1634 704; x_wconf 73' lang='grc' dir='ltr'>πη-</span> 
     </span>
     <span class='ocr_line' id='line_1_10' title="bbox 361 716 716 759; baseline -0.006 -1"><span class='ocrx_word' id='word_1_80' title='bbox 361 716 430 759; x_wconf 73' lang='grc' dir='ltr'>λοῦ</span> <span class='ocrx_word' id='word_1_81' title='bbox 452 719 519 758; x_wconf 70' lang='grc' dir='ltr'>καὶ</span> <span class='ocrx_word' id='word_1_82' title='bbox 541 716 716 758; x_wconf 75' lang='grc' dir='ltr'><strong><em>σκότους.</em></strong></span> 
     </span>
    </p>

    <p class='ocr_par' dir='ltr' id='par_1_4' title="bbox 363 767 1632 880">
     <span class='ocr_line' id='line_1_11' title="bbox 419 767 1630 825; baseline -0.002 -13"><span class='ocrx_word' id='word_1_83' title='bbox 419 774 510 825; x_wconf 80' lang='lat' dir='ltr'>Pag.</span> <span class='ocrx_word' id='word_1_84' title='bbox 534 773 571 812; x_wconf 91' lang='lat'>8.</span> <span class='ocrx_word' id='word_1_85' title='bbox 593 773 618 812; x_wconf 88' lang='lat' dir='ltr'>l.</span> <span class='ocrx_word' id='word_1_86' title='bbox 647 783 678 824; x_wconf 83' lang='lat'>5.</span> <span class='ocrx_word' id='word_1_87' title='bbox 706 769 753 810; x_wconf 81' lang='grc' dir='ltr'>Οἱ</span> <span class='ocrx_word' id='word_1_88' title='bbox 775 767 940 823; x_wconf 66' lang='grc' dir='ltr'>πολλοὶ)</span> <span class='ocrx_word' id='word_1_89' title='bbox 959 768 1115 822; x_wconf 80' lang='lat' dir='ltr'>Legitur</span> <span class='ocrx_word' id='word_1_90' title='bbox 1141 768 1255 808; x_wconf 83' lang='lat' dir='ltr'>etiam</span> <span class='ocrx_word' id='word_1_91' title='bbox 1275 767 1513 822; x_wconf 52' lang='grc' dir='ltr'><strong><em>διεφθείροντο</em></strong></span> <span class='ocrx_word' id='word_1_92' title='bbox 1533 779 1630 810; x_wconf 71' lang='grc' dir='ltr'>πολ-</span> 
     </span>
     <span class='ocr_line' id='line_1_12' title="bbox 363 822 1632 880; baseline -0.003 -13"><span class='ocrx_word' id='word_1_93' title='bbox 363 827 449 876; x_wconf 74' lang='grc' dir='ltr'>λοὶ,</span> <span class='ocrx_word' id='word_1_94' title='bbox 477 838 558 867; x_wconf 91' lang='lat' dir='ltr'>non</span> <span class='ocrx_word' id='word_1_95' title='bbox 592 823 769 880; x_wconf 82' lang='lat' dir='ltr'>praefixo</span> <span class='ocrx_word' id='word_1_96' title='bbox 790 824 938 864; x_wconf 90' lang='lat' dir='ltr'>nomini</span> <span class='ocrx_word' id='word_1_97' title='bbox 969 823 1106 862; x_wconf 71' lang='grc' dir='ltr'><strong><em>πολλοὶ</em></strong></span> <span class='ocrx_word' id='word_1_98' title='bbox 1136 822 1310 863; x_wconf 87' lang='lat' dir='ltr'>articulo.</span> <span class='ocrx_word' id='word_1_99' title='bbox 1341 823 1444 862; x_wconf 89' lang='lat' dir='ltr'>Nihil</span> <span class='ocrx_word' id='word_1_100' title='bbox 1475 834 1632 875; x_wconf 83' lang='lat' dir='ltr'>autem,</span> 
     </span>
    </p>

    <p class='ocr_par' dir='ltr' id='par_1_5' title="bbox 392 875 1632 930">
     <span class='ocr_line' id='line_1_13' title="bbox 392 875 1632 930; baseline -0.002 -9"><span class='ocrx_word' id='word_1_101' title='bbox 392 881 470 920; x_wconf 92' lang='lat' dir='ltr'>uod</span> <span class='ocrx_word' id='word_1_102' title='bbox 492 880 540 920; x_wconf 87' lang='lat' dir='ltr'>ad</span> <span class='ocrx_word' id='word_1_103' title='bbox 559 878 708 920; x_wconf 89' lang='lat' dir='ltr'>sensum</span> <span class='ocrx_word' id='word_1_104' title='bbox 729 879 888 925; x_wconf 83' lang='lat' dir='ltr'>attinet,</span> <span class='ocrx_word' id='word_1_105' title='bbox 903 875 1176 926; x_wconf 85' lang='lat' dir='ltr'>referre‚utro</span> <span class='ocrx_word' id='word_1_106' title='bbox 1196 876 1317 916; x_wconf 89' lang='lat' dir='ltr'>modo</span> <span class='ocrx_word' id='word_1_107' title='bbox 1334 875 1529 930; x_wconf 87' lang='lat' dir='ltr'>legamus,</span> <span class='ocrx_word' id='word_1_108' title='bbox 1550 878 1632 918; x_wconf 85' lang='lat' dir='ltr'>exi-</span> 
     </span>
    </p>

    <p class='ocr_par' dir='ltr' id='par_1_6' title="bbox 362 931 1639 1203">
     <span class='ocr_line' id='line_1_14' title="bbox 365 931 1634 987; baseline -0.001 -13"><span class='ocrx_word' id='word_1_109' title='bbox 365 937 379 974; x_wconf 68' lang='grc' dir='ltr'><strong><em>ί</em></strong></span> <span class='ocrx_word' id='word_1_110' title='bbox 398 933 533 975; x_wconf 83' lang='lat' dir='ltr'>imabit</span> <span class='ocrx_word' id='word_1_111' title='bbox 552 933 701 983; x_wconf 58' lang='lat' dir='ltr'>lector,</span> <span class='ocrx_word' id='word_1_112' title='bbox 725 933 797 987; x_wconf 88' lang='lat' dir='ltr'>qui</span> <span class='ocrx_word' id='word_1_113' title='bbox 823 931 998 973; x_wconf 86' lang='lat' dir='ltr'>Graecae</span> <span class='ocrx_word' id='word_1_114' title='bbox 1022 931 1177 985; x_wconf 85' lang='lat' dir='ltr'>linguae</span> <span class='ocrx_word' id='word_1_115' title='bbox 1198 943 1335 985; x_wconf 85' lang='lat' dir='ltr'>parum</span> <span class='ocrx_word' id='word_1_116' title='bbox 1360 931 1436 970; x_wconf 88' lang='lat' dir='ltr'>etit</span> <span class='ocrx_word' id='word_1_117' title='bbox 1466 932 1634 986; x_wconf 85' lang='lat' dir='ltr'>peritus:</span> 
     </span>
     <span class='ocr_line' id='line_1_15' title="bbox 365 985 1634 1043; baseline -0.002 -14"><span class='ocrx_word' id='word_1_118' title='bbox 365 988 429 1030; x_wconf 85' lang='lat' dir='ltr'>sed</span> <span class='ocrx_word' id='word_1_119' title='bbox 451 989 673 1043; x_wconf 85' lang='lat' dir='ltr'>quicunque</span> <span class='ocrx_word' id='word_1_120' title='bbox 695 988 734 1027; x_wconf 87' lang='lat' dir='ltr'>in</span> <span class='ocrx_word' id='word_1_121' title='bbox 758 999 805 1027; x_wconf 88' lang='lat' dir='ltr'>ea</span> <span class='ocrx_word' id='word_1_122' title='bbox 825 986 1060 1026; x_wconf 83' lang='lat' dir='ltr'>exercitatus</span> <span class='ocrx_word' id='word_1_123' title='bbox 1079 985 1172 1034; x_wconf 90' lang='lat' dir='ltr'>erit,</span> <span class='ocrx_word' id='word_1_124' title='bbox 1188 985 1303 1034; x_wconf 78' lang='lat' dir='ltr'>sciet,</span> <span class='ocrx_word' id='word_1_125' title='bbox 1319 985 1457 1025; x_wconf 72' lang='grc' dir='ltr'><strong><em>πολλοὶ</em></strong></span> <span class='ocrx_word' id='word_1_126' title='bbox 1476 986 1634 1039; x_wconf 88' lang='lat' dir='ltr'>quidem</span> 
     </span>
     <span class='ocr_line' id='line_1_16' title="bbox 367 1037 1639 1094; baseline -0.002 -12"><span class='ocrx_word' id='word_1_127' title='bbox 367 1056 448 1083; x_wconf 83' lang='lat' dir='ltr'>non</span> <span class='ocrx_word' id='word_1_128' title='bbox 479 1043 580 1082; x_wconf 84' lang='lat' dir='ltr'>aliud</span> <span class='ocrx_word' id='word_1_129' title='bbox 610 1041 766 1088; x_wconf 77' lang='lat' dir='ltr'>sonare,</span> <span class='ocrx_word' id='word_1_130' title='bbox 795 1053 913 1094; x_wconf 88' lang='lat' dir='ltr'>quam</span> <span class='ocrx_word' id='word_1_131' title='bbox 944 1038 1064 1079; x_wconf 78' lang='lat' dir='ltr'>multi:</span> <span class='ocrx_word' id='word_1_132' title='bbox 1096 1049 1136 1078; x_wconf 86' lang='lat' dir='ltr'>at</span> <span class='ocrx_word' id='word_1_133' title='bbox 1162 1051 1264 1079; x_wconf 89' lang='lat' dir='ltr'>vero</span> <span class='ocrx_word' id='word_1_134' title='bbox 1287 1037 1319 1077; x_wconf 75' lang='grc' dir='ltr'>οἱ</span> <span class='ocrx_word' id='word_1_135' title='bbox 1344 1039 1502 1088; x_wconf 72' lang='grc' dir='ltr'>πολλοὶ,</span> <span class='ocrx_word' id='word_1_136' title='bbox 1527 1042 1639 1080; x_wconf 81' lang='lat' dir='ltr'>maior</span> 
     </span>
     <span class='ocr_line' id='line_1_17' title="bbox 362 1091 1636 1152; baseline -0.002 -15"><span class='ocrx_word' id='word_1_137' title='bbox 362 1113 458 1152; x_wconf 83' lang='lat' dir='ltr'>pars.</span> <span class='ocrx_word' id='word_1_138' title='bbox 477 1097 515 1137; x_wconf 79' lang='lat' dir='ltr'>Sl</span> <span class='ocrx_word' id='word_1_139' title='bbox 537 1096 654 1150; x_wconf 77' lang='lat' dir='ltr'>igitur</span> <span class='ocrx_word' id='word_1_140' title='bbox 677 1095 794 1136; x_wconf 81' lang='lat' dir='ltr'>Valla</span> <span class='ocrx_word' id='word_1_141' title='bbox 816 1094 1019 1134; x_wconf 59' lang='lat' dir='ltr'>lectionem</span> <span class='ocrx_word' id='word_1_142' title='bbox 1044 1093 1141 1133; x_wconf 87' lang='lat' dir='ltr'>hanc</span> <span class='ocrx_word' id='word_1_143' title='bbox 1162 1092 1194 1133; x_wconf 81' lang='grc' dir='ltr'>οἱ</span> <span class='ocrx_word' id='word_1_144' title='bbox 1220 1092 1359 1133; x_wconf 70' lang='grc' dir='ltr'><strong><em>πολλοὶ</em></strong></span> <span class='ocrx_word' id='word_1_145' title='bbox 1384 1091 1538 1134; x_wconf 86' lang='lat' dir='ltr'>secutus</span> <span class='ocrx_word' id='word_1_146' title='bbox 1558 1093 1636 1144; x_wconf 88' lang='lat' dir='ltr'>est,</span> 
     </span>
     <span class='ocr_line' id='line_1_18' title="bbox 369 1146 1407 1203; baseline -0.007 -11"><span class='ocrx_word' id='word_1_147' title='bbox 369 1164 451 1193; x_wconf 88' lang='lat' dir='ltr'>non</span> <span class='ocrx_word' id='word_1_148' title='bbox 474 1150 576 1191; x_wconf 66' lang='lat' dir='ltr'>recle</span> <span class='ocrx_word' id='word_1_149' title='bbox 602 1151 744 1200; x_wconf 83' lang='lat' dir='ltr'>vertit,</span> <span class='ocrx_word' id='word_1_150' title='bbox 758 1150 915 1203; x_wconf 77' lang='lat' dir='ltr'>permulti</span> <span class='ocrx_word' id='word_1_151' title='bbox 933 1149 1228 1199; x_wconf 82' lang='lat' dir='ltr'>interficiebantur.</span> <span class='ocrx_word' id='word_1_152' title='bbox 1255 1146 1407 1187; x_wconf 75' lang='lat' dir='ltr'>STEPH.</span> 
     </span>
    </p>

    <p class='ocr_par' dir='ltr' id='par_1_7' title="bbox 369 1199 1643 1474">
     <span class='ocr_line' id='line_1_19' title="bbox 423 1199 1638 1258; baseline -0.003 -13"><span class='ocrx_word' id='word_1_153' title='bbox 423 1208 497 1245; x_wconf 80' lang='lat' dir='ltr'>ead.</span> <span class='ocrx_word' id='word_1_154' title='bbox 520 1206 544 1244; x_wconf 92' lang='lat' dir='ltr'>l.</span> <span class='ocrx_word' id='word_1_155' title='bbox 565 1219 603 1256; x_wconf 91' lang='lat'>7.</span> <span class='ocrx_word' id='word_1_156' title='bbox 625 1203 855 1258; x_wconf 63' lang='grc' dir='ltr'><strong><em>Στυρακίῳ)</em></strong></span> <span class='ocrx_word' id='word_1_157' title='bbox 878 1202 942 1243; x_wconf 91' lang='lat' dir='ltr'>Sic</span> <span class='ocrx_word' id='word_1_158' title='bbox 961 1202 1052 1254; x_wconf 85' lang='lat' dir='ltr'>legit</span> <span class='ocrx_word' id='word_1_159' title='bbox 1073 1212 1192 1255; x_wconf 89' lang='lat' dir='ltr'>atque</span> <span class='ocrx_word' id='word_1_160' title='bbox 1213 1200 1379 1255; x_wconf 85' lang='lat' dir='ltr'>explicat</span> <span class='ocrx_word' id='word_1_161' title='bbox 1399 1199 1567 1241; x_wconf 84' lang='lat' dir='ltr'>Eustath.</span> <span class='ocrx_word' id='word_1_162' title='bbox 1590 1200 1638 1241; x_wconf 87' lang='grc' dir='ltr'>ΙΙ.</span> 
     </span>
     <span class='ocr_line' id='line_1_20' title="bbox 373 1254 1642 1323; baseline -0.003 -23"><span class='ocrx_word' id='word_1_163' title='bbox 373 1260 424 1308; x_wconf 87' lang='grc' dir='ltr'>κ’,</span> <span class='ocrx_word' id='word_1_164' title='bbox 447 1272 538 1314; x_wconf 86' lang='lat'>795.</span> <span class='ocrx_word' id='word_1_165' title='bbox 570 1260 661 1299; x_wconf 89' lang='lat' dir='ltr'>item</span> <span class='ocrx_word' id='word_1_166' title='bbox 681 1258 824 1299; x_wconf 91' lang='lat' dir='ltr'>Theon</span> <span class='ocrx_word' id='word_1_167' title='bbox 842 1256 1056 1323; x_wconf 65' lang='lat' dir='ltr'>Progymn.</span> <span class='ocrx_word' id='word_1_168' title='bbox 1081 1264 1125 1309; x_wconf 80' lang='lat'>55</span> <span class='ocrx_word' id='word_1_169' title='bbox 1139 1286 1152 1304; x_wconf 90' lang='lat'><em>‚</em></span> <span class='ocrx_word' id='word_1_170' title='bbox 1177 1254 1317 1295; x_wconf 82' lang='lat' dir='ltr'>Pollux</span> <span class='ocrx_word' id='word_1_171' title='bbox 1336 1255 1396 1302; x_wconf 88' lang='lat' dir='ltr'>X,</span> <span class='ocrx_word' id='word_1_172' title='bbox 1417 1268 1477 1306; x_wconf 91' lang='lat'>27.</span> <span class='ocrx_word' id='word_1_173' title='bbox 1500 1254 1553 1296; x_wconf 79' lang='grc' dir='ltr'>εἰς</span> <span class='ocrx_word' id='word_1_174' title='bbox 1571 1257 1642 1296; x_wconf 59' lang='grc' dir='ltr'>τὴν</span> 
     </span>
     <span class='ocr_line' id='line_1_21' title="bbox 373 1307 1641 1367; baseline -0.004 -14"><span class='ocrx_word' id='word_1_175' title='bbox 373 1314 606 1367; x_wconf 78' lang='lat' dir='ltr'>Harpocrat.</span> <span class='ocrx_word' id='word_1_176' title='bbox 627 1327 664 1367; x_wconf 91' lang='lat' dir='ltr'>p.</span> <span class='ocrx_word' id='word_1_177' title='bbox 687 1326 775 1367; x_wconf 76' lang='lat'>324.</span> <span class='ocrx_word' id='word_1_178' title='bbox 795 1321 908 1351; x_wconf 84' lang='lat' dir='ltr'>antea</span> <span class='ocrx_word' id='word_1_179' title='bbox 928 1323 977 1350; x_wconf 75' lang='grc' dir='ltr'>ες.</span> <span class='ocrx_word' id='word_1_180' title='bbox 999 1309 1077 1350; x_wconf 86' lang='lat' dir='ltr'>vid.</span> <span class='ocrx_word' id='word_1_181' title='bbox 1099 1309 1355 1350; x_wconf 84' lang='lat' dir='ltr'>Athenaeum.</span> <span class='ocrx_word' id='word_1_182' title='bbox 1379 1307 1550 1362; x_wconf 87' lang='lat' dir='ltr'>Hesych.</span> <span class='ocrx_word' id='word_1_183' title='bbox 1572 1321 1641 1349; x_wconf 85' lang='lat' dir='ltr'>ex-</span> 
     </span>
     <span class='ocr_line' id='line_1_22' title="bbox 369 1362 1637 1422; baseline -0.003 -15"><span class='ocrx_word' id='word_1_184' title='bbox 369 1368 483 1422; x_wconf 85' lang='lat' dir='ltr'>ponit</span> <span class='ocrx_word' id='word_1_185' title='bbox 510 1365 683 1421; x_wconf 65' lang='grc' dir='ltr'><strong><em>λὸγχην.</em></strong></span> <span class='ocrx_word' id='word_1_186' title='bbox 707 1364 882 1418; x_wconf 91' lang='lat' dir='ltr'>Etymol.</span> <span class='ocrx_word' id='word_1_187' title='bbox 906 1374 1091 1418; x_wconf 83' lang='lat' dir='ltr'>corrupte</span> <span class='ocrx_word' id='word_1_188' title='bbox 1115 1362 1286 1413; x_wconf 75' lang='grc' dir='ltr'><strong><em>ἀκοντίῳ.</em></strong></span> <span class='ocrx_word' id='word_1_189' title='bbox 1311 1362 1389 1402; x_wconf 87' lang='lat' dir='ltr'>vid.</span> <span class='ocrx_word' id='word_1_190' title='bbox 1410 1363 1575 1403; x_wconf 87' lang='lat' dir='ltr'>eundem</span> <span class='ocrx_word' id='word_1_191' title='bbox 1594 1363 1637 1403; x_wconf 87' lang='lat' dir='ltr'>in</span> 
     </span>
     <span class='ocr_line' id='line_1_23' title="bbox 374 1416 1643 1474; baseline -0.004 -12"><span class='ocrx_word' id='word_1_192' title='bbox 374 1422 592 1474; x_wconf 62' lang='grc' dir='ltr'>σαυρωτὴς,</span> <span class='ocrx_word' id='word_1_193' title='bbox 616 1422 657 1462; x_wconf 80' lang='grc' dir='ltr'>δι</span> <span class='ocrx_word' id='word_1_194' title='bbox 676 1421 851 1466; x_wconf 83' lang='lat' dir='ltr'>Suidam‚</span> <span class='ocrx_word' id='word_1_195' title='bbox 879 1419 946 1473; x_wconf 89' lang='lat' dir='ltr'>qui</span> <span class='ocrx_word' id='word_1_196' title='bbox 969 1418 1100 1458; x_wconf 90' lang='lat' dir='ltr'>locum</span> <span class='ocrx_word' id='word_1_197' title='bbox 1125 1417 1288 1458; x_wconf 87' lang='lat' dir='ltr'>adducit.</span> <span class='ocrx_word' id='word_1_198' title='bbox 1310 1416 1376 1456; x_wconf 91' lang='lat' dir='ltr'>Ab</span> <span class='ocrx_word' id='word_1_199' title='bbox 1397 1417 1540 1457; x_wconf 88' lang='lat' dir='ltr'>arbore</span> <span class='ocrx_word' id='word_1_200' title='bbox 1560 1429 1643 1457; x_wconf 85' lang='lat' dir='ltr'>no-</span> 
     </span>
    </p>
   </div>
   <div class='ocr_carea' id='block_1_3' title="bbox 373 1464 1661 1523">
    <p class='ocr_par' dir='ltr' id='par_1_8' title="bbox 373 1464 1661 1523">
     <span class='ocr_line' id='line_1_24' title="bbox 373 1464 1661 1523; baseline -0.005 -7"><span class='ocrx_word' id='word_1_201' title='bbox 373 1488 463 1516; x_wconf 90' lang='lat' dir='ltr'>men</span> <span class='ocrx_word' id='word_1_202' title='bbox 483 1476 648 1516; x_wconf 66' lang='lat' dir='ltr'>tracium</span> <span class='ocrx_word' id='word_1_203' title='bbox 674 1476 725 1515; x_wconf 88' lang='lat' dir='ltr'>ait</span> <span class='ocrx_word' id='word_1_204' title='bbox 751 1472 921 1514; x_wconf 87' lang='lat' dir='ltr'>Eustath.</span> <span class='ocrx_word' id='word_1_205' title='bbox 945 1473 994 1513; x_wconf 88' lang='lat' dir='ltr'>ad</span> <span class='ocrx_word' id='word_1_206' title='bbox 1022 1471 1067 1512; x_wconf 87' lang='grc' dir='ltr'>ΙΙ.</span> <span class='ocrx_word' id='word_1_207' title='bbox 1102 1472 1152 1522; x_wconf 78' lang='grc' dir='ltr'>β’,</span> <span class='ocrx_word' id='word_1_208' title='bbox 1179 1471 1278 1511; x_wconf 80' lang='lat'>281:</span> <span class='ocrx_word' id='word_1_209' title='bbox 1301 1472 1420 1521; x_wconf 71' lang='grc' dir='ltr'><strong><em>φυτὶν</em></strong></span> <span class='ocrx_word' id='word_1_210' title='bbox 1450 1469 1492 1523; x_wconf 69' lang='grc' dir='ltr'>ἐξ</span> <span class='ocrx_word' id='word_1_211' title='bbox 1519 1464 1566 1510; x_wconf 69' lang='grc' dir='ltr'>οίῗ</span> <span class='ocrx_word' id='word_1_212' title='bbox 1587 1472 1661 1510; x_wconf 57' lang='lat' dir='ltr'>‘rb&#39;</span> 
     </span>
    </p>
   </div>
   <div class='ocr_carea' id='block_1_4' title="bbox 373 1523 1652 2119">
    <p class='ocr_par' dir='ltr' id='par_1_9' title="bbox 373 1523 1652 2119">
     <span class='ocr_line' id='line_1_25' title="bbox 373 1523 1644 1581; baseline -0.002 -12"><span class='ocrx_word' id='word_1_213' title='bbox 373 1529 646 1581; x_wconf 68' lang='grc' dir='ltr'>ἀκοντίσματα</span> <span class='ocrx_word' id='word_1_214' title='bbox 670 1529 822 1569; x_wconf 64' lang='grc' dir='ltr'><strong><em>ἐοικότα</em></strong></span> <span class='ocrx_word' id='word_1_215' title='bbox 843 1527 923 1568; x_wconf 81' lang='grc' dir='ltr'><strong><em>τοῖς</em></strong></span> <span class='ocrx_word' id='word_1_216' title='bbox 943 1525 1151 1581; x_wconf 68' lang='grc' dir='ltr'><strong><em>κρανεΐνοις.</em></strong></span> <span class='ocrx_word' id='word_1_217' title='bbox 1173 1525 1222 1566; x_wconf 84' lang='lat' dir='ltr'>Et</span> <span class='ocrx_word' id='word_1_218' title='bbox 1241 1525 1346 1565; x_wconf 86' lang='lat' dir='ltr'>bona</span> <span class='ocrx_word' id='word_1_219' title='bbox 1363 1523 1467 1565; x_wconf 86' lang='lat' dir='ltr'>bello</span> <span class='ocrx_word' id='word_1_220' title='bbox 1487 1534 1644 1566; x_wconf 85' lang='lat' dir='ltr'>cornus.</span> 
     </span>
     <span class='ocr_line' id='line_1_26' title="bbox 377 1578 1646 1638; baseline -0.005 -14"><span class='ocrx_word' id='word_1_221' title='bbox 377 1585 456 1624; x_wconf 86' lang='lat' dir='ltr'>Adi</span> <span class='ocrx_word' id='word_1_222' title='bbox 489 1584 700 1638; x_wconf 81' lang='lat' dir='ltr'>Stapelium</span> <span class='ocrx_word' id='word_1_223' title='bbox 730 1583 778 1622; x_wconf 84' lang='lat' dir='ltr'>ad</span> <span class='ocrx_word' id='word_1_224' title='bbox 810 1580 1066 1637; x_wconf 83' lang='lat' dir='ltr'>Theophrast.</span> <span class='ocrx_word' id='word_1_225' title='bbox 1094 1578 1264 1621; x_wconf 60' lang='grc' dir='ltr'>θηλυκῶς</span> <span class='ocrx_word' id='word_1_226' title='bbox 1303 1578 1484 1630; x_wconf 60' lang='grc' dir='ltr'>θυμιάμοι</span> <span class='ocrx_word' id='word_1_227' title='bbox 1514 1579 1646 1633; x_wconf 86' lang='lat' dir='ltr'>inquit</span> 
     </span>
     <span class='ocr_line' id='line_1_27' title="bbox 376 1633 1643 1692; baseline -0.005 -14"><span class='ocrx_word' id='word_1_228' title='bbox 376 1639 614 1678; x_wconf 84' lang='lat' dir='ltr'>Ammonius</span> <span class='ocrx_word' id='word_1_229' title='bbox 638 1652 676 1692; x_wconf 89' lang='lat' dir='ltr'>p.</span> <span class='ocrx_word' id='word_1_230' title='bbox 699 1651 762 1688; x_wconf 88' lang='lat'>72.</span> <span class='ocrx_word' id='word_1_231' title='bbox 785 1633 1028 1690; x_wconf 72' lang='grc' dir='ltr'><strong><em>χρήσοιμενον</em></strong></span> <span class='ocrx_word' id='word_1_232' title='bbox 1048 1634 1203 1675; x_wconf 89' lang='lat' dir='ltr'>Theon.</span> <span class='ocrx_word' id='word_1_233' title='bbox 1227 1634 1375 1674; x_wconf 78' lang='lat' dir='ltr'>WAss.</span> <span class='ocrx_word' id='word_1_234' title='bbox 1400 1633 1473 1674; x_wconf 88' lang='lat' dir='ltr'>Sed</span> <span class='ocrx_word' id='word_1_235' title='bbox 1498 1633 1643 1674; x_wconf 86' lang='lat' dir='ltr'>Theon</span> 
     </span>
     <span class='ocr_line' id='line_1_28' title="bbox 377 1685 1645 1746; baseline -0.005 -14"><span class='ocrx_word' id='word_1_236' title='bbox 377 1692 542 1746; x_wconf 87' lang='lat' dir='ltr'>obliqua</span> <span class='ocrx_word' id='word_1_237' title='bbox 562 1693 742 1732; x_wconf 79' lang='lat' dir='ltr'>oratione</span> <span class='ocrx_word' id='word_1_238' title='bbox 762 1693 897 1731; x_wconf 85' lang='lat' dir='ltr'>utitur.</span> <span class='ocrx_word' id='word_1_239' title='bbox 917 1690 1009 1731; x_wconf 90' lang='lat' dir='ltr'>Vid.</span> <span class='ocrx_word' id='word_1_240' title='bbox 1029 1689 1144 1730; x_wconf 87' lang='lat' dir='ltr'>etiam</span> <span class='ocrx_word' id='word_1_241' title='bbox 1159 1719 1172 1736; x_wconf 88' lang='lat'><strong>‚</strong></span> <span class='ocrx_word' id='word_1_242' title='bbox 1192 1700 1293 1742; x_wconf 90' lang='lat' dir='ltr'>quae</span> <span class='ocrx_word' id='word_1_243' title='bbox 1317 1687 1364 1727; x_wconf 89' lang='lat' dir='ltr'>de</span> <span class='ocrx_word' id='word_1_244' title='bbox 1383 1699 1474 1728; x_wconf 91' lang='lat' dir='ltr'>voc.</span> <span class='ocrx_word' id='word_1_245' title='bbox 1494 1685 1645 1742; x_wconf 70' lang='grc' dir='ltr'><strong><em>στύραξ</em></strong></span> 
     </span>
     <span class='ocr_line' id='line_1_29' title="bbox 379 1740 1648 1800; baseline -0.002 -14"><span class='ocrx_word' id='word_1_246' title='bbox 379 1746 423 1786; x_wconf 86' lang='lat'>&amp;</span> <span class='ocrx_word' id='word_1_247' title='bbox 446 1746 644 1800; x_wconf 70' lang='grc' dir='ltr'><strong><em>στυράκων</em></strong></span> <span class='ocrx_word' id='word_1_248' title='bbox 668 1745 812 1785; x_wconf 86' lang='lat' dir='ltr'>habent</span> <span class='ocrx_word' id='word_1_249' title='bbox 833 1743 997 1785; x_wconf 81' lang='lat' dir='ltr'>Casaub.</span> <span class='ocrx_word' id='word_1_250' title='bbox 1019 1743 1068 1783; x_wconf 89' lang='lat' dir='ltr'>ad</span> <span class='ocrx_word' id='word_1_251' title='bbox 1087 1743 1271 1782; x_wconf 86' lang='lat' dir='ltr'>Aeneam.</span> <span class='ocrx_word' id='word_1_252' title='bbox 1295 1740 1444 1782; x_wconf 68' lang='lat' dir='ltr'>Taciic.</span> <span class='ocrx_word' id='word_1_253' title='bbox 1474 1754 1557 1796; x_wconf 82' lang='lat' dir='ltr'>cap.</span> <span class='ocrx_word' id='word_1_254' title='bbox 1585 1740 1648 1783; x_wconf 81' lang='lat'>18.</span> 
     </span>
     <span class='ocr_line' id='line_1_30' title="bbox 381 1793 1644 1848; baseline -0.006 -7"><span class='ocrx_word' id='word_1_255' title='bbox 381 1802 423 1841; x_wconf 77' lang='grc' dir='ltr'>δι</span> <span class='ocrx_word' id='word_1_256' title='bbox 444 1801 631 1841; x_wconf 84' lang='lat' dir='ltr'>Bochart.</span> <span class='ocrx_word' id='word_1_257' title='bbox 652 1801 809 1841; x_wconf 88' lang='lat' dir='ltr'>Hieroz.</span> <span class='ocrx_word' id='word_1_258' title='bbox 826 1799 888 1848; x_wconf 81' lang='grc' dir='ltr'>ΙΙ,</span> <span class='ocrx_word' id='word_1_259' title='bbox 906 1811 930 1846; x_wconf 89' lang='lat'>4</span> <span class='ocrx_word' id='word_1_260' title='bbox 943 1829 956 1847; x_wconf 93' lang='lat'><strong>,</strong></span> <span class='ocrx_word' id='word_1_261' title='bbox 975 1811 1042 1847; x_wconf 88' lang='lat'>12,</span> <span class='ocrx_word' id='word_1_262' title='bbox 1060 1796 1102 1836; x_wconf 87' lang='lat'>&amp;</span> <span class='ocrx_word' id='word_1_263' title='bbox 1122 1797 1168 1836; x_wconf 92' lang='lat' dir='ltr'>de</span> <span class='ocrx_word' id='word_1_264' title='bbox 1191 1795 1357 1842; x_wconf 70' lang='grc' dir='ltr'>βάλανος</span> <span class='ocrx_word' id='word_1_265' title='bbox 1370 1793 1534 1835; x_wconf 82' lang='lat' dir='ltr'>Casaub.</span> <span class='ocrx_word' id='word_1_266' title='bbox 1554 1794 1644 1834; x_wconf 86' lang='lat' dir='ltr'>ibid.</span> 
     </span>
     <span class='ocr_line' id='line_1_31' title="bbox 379 1847 1648 1907; baseline -0.003 -13"><span class='ocrx_word' id='word_1_267' title='bbox 379 1854 424 1894; x_wconf 88' lang='lat'>&amp;</span> <span class='ocrx_word' id='word_1_268' title='bbox 443 1853 596 1896; x_wconf 83' lang='lat' dir='ltr'>Salmas.</span> <span class='ocrx_word' id='word_1_269' title='bbox 617 1855 664 1895; x_wconf 82' lang='lat' dir='ltr'>ad</span> <span class='ocrx_word' id='word_1_270' title='bbox 683 1853 806 1894; x_wconf 91' lang='lat' dir='ltr'>Solin.</span> <span class='ocrx_word' id='word_1_271' title='bbox 835 1867 872 1907; x_wconf 93' lang='lat' dir='ltr'>p.</span> <span class='ocrx_word' id='word_1_272' title='bbox 894 1853 986 1904; x_wconf 84' lang='lat'>650.</span> <span class='ocrx_word' id='word_1_273' title='bbox 1008 1851 1199 1892; x_wconf 86' lang='lat' dir='ltr'>Athenaei</span> <span class='ocrx_word' id='word_1_274' title='bbox 1219 1850 1351 1890; x_wconf 92' lang='lat' dir='ltr'>locum</span> <span class='ocrx_word' id='word_1_275' title='bbox 1372 1848 1433 1890; x_wconf 88' lang='lat' dir='ltr'>hic</span> <span class='ocrx_word' id='word_1_276' title='bbox 1458 1847 1648 1902; x_wconf 81' lang='lat' dir='ltr'>significa-</span> 
     </span>
     <span class='ocr_line' id='line_1_32' title="bbox 381 1902 1650 1962; baseline -0.003 -15"><span class='ocrx_word' id='word_1_277' title='bbox 381 1909 414 1948; x_wconf 89' lang='lat' dir='ltr'>ri</span> <span class='ocrx_word' id='word_1_278' title='bbox 436 1920 534 1962; x_wconf 85' lang='lat' dir='ltr'>puto</span> <span class='ocrx_word' id='word_1_279' title='bbox 565 1922 678 1955; x_wconf 80' lang='lat' dir='ltr'>eum,</span> <span class='ocrx_word' id='word_1_280' title='bbox 700 1908 771 1962; x_wconf 80' lang='lat' dir='ltr'>qui</span> <span class='ocrx_word' id='word_1_281' title='bbox 791 1906 846 1947; x_wconf 89' lang='lat' dir='ltr'>est</span> <span class='ocrx_word' id='word_1_282' title='bbox 872 1906 936 1947; x_wconf 89' lang='lat' dir='ltr'>lib.</span> <span class='ocrx_word' id='word_1_283' title='bbox 974 1919 1044 1954; x_wconf 77' lang='grc' dir='ltr'>η,</span> <span class='ocrx_word' id='word_1_284' title='bbox 1068 1919 1107 1959; x_wconf 88' lang='lat' dir='ltr'>p.</span> <span class='ocrx_word' id='word_1_285' title='bbox 1144 1917 1241 1957; x_wconf 84' lang='lat'>514,</span> <span class='ocrx_word' id='word_1_286' title='bbox 1266 1903 1330 1943; x_wconf 70' lang='grc' dir='ltr'>ἐπὶ</span> <span class='ocrx_word' id='word_1_287' title='bbox 1354 1902 1428 1944; x_wconf 71' lang='grc' dir='ltr'>τῶν</span> <span class='ocrx_word' id='word_1_288' title='bbox 1452 1902 1650 1956; x_wconf 68' lang='grc' dir='ltr'><strong><em>στυράκων</em></strong></span> 
     </span>
     <span class='ocr_line' id='line_1_33' title="bbox 379 1956 1652 2066; baseline -0.005 -9"><span class='ocrx_word' id='word_1_289' title='bbox 379 1961 502 2057; x_wconf 59' lang='grc' dir='ltr'>’ἷιῗέῗῑ</span> <span class='ocrx_word' id='word_1_290' title='bbox 512 1956 1652 2066; x_wconf 48' lang='lat' dir='ltr'>{22255&#39;253235‘333555‘1351032232{mssi‘fssssol⁰¹¹zsstff¹3;:</span> 
     </span>
     <span class='ocr_line' id='line_1_34' title="bbox 381 2062 1652 2119; baseline -0.006 -8"><span class='ocrx_word' id='word_1_291' title='bbox 381 2080 482 2111; x_wconf 89' lang='lat' dir='ltr'>teres</span> <span class='ocrx_word' id='word_1_292' title='bbox 513 2071 552 2111; x_wconf 88' lang='lat' dir='ltr'>in</span> <span class='ocrx_word' id='word_1_293' title='bbox 575 2070 770 2111; x_wconf 83' lang='lat' dir='ltr'>laudandis</span> <span class='ocrx_word' id='word_1_294' title='bbox 793 2068 924 2109; x_wconf 79' lang='lat' dir='ltr'>verbis</span> <span class='ocrx_word' id='word_1_295' title='bbox 946 2067 1191 2119; x_wconf 84' lang='lat' dir='ltr'>Thucydidis</span> <span class='ocrx_word' id='word_1_296' title='bbox 1219 2065 1349 2106; x_wconf 85' lang='lat' dir='ltr'>Attica</span> <span class='ocrx_word' id='word_1_297' title='bbox 1380 2064 1446 2105; x_wconf 87' lang='lat' dir='ltr'>illa</span> <span class='ocrx_word' id='word_1_298' title='bbox 1476 2064 1535 2112; x_wconf 74' lang='grc' dir='ltr'>ἐς,</span> <span class='ocrx_word' id='word_1_299' title='bbox 1563 2062 1652 2116; x_wconf 79' lang='grc' dir='ltr'>ξὺν,</span> 
     </span>
    </p>
   </div>
   <div class='ocr_carea' id='block_1_5' title="bbox 383 2117 1653 2231">
    <p class='ocr_par' dir='ltr' id='par_1_10' title="bbox 383 2117 1653 2231">
     <span class='ocr_line' id='line_1_35' title="bbox 385 2117 1653 2178; baseline -0.006 -14"><span class='ocrx_word' id='word_1_300' title='bbox 385 2124 427 2164; x_wconf 77' lang='grc' dir='ltr'>δι</span> <span class='ocrx_word' id='word_1_301' title='bbox 456 2124 528 2164; x_wconf 81' lang='lat' dir='ltr'>alia</span> <span class='ocrx_word' id='word_1_302' title='bbox 578 2125 781 2178; x_wconf 77' lang='lat' dir='ltr'>letumque</span> <span class='ocrx_word' id='word_1_303' title='bbox 805 2133 957 2163; x_wconf 88' lang='lat' dir='ltr'>mutant</span> <span class='ocrx_word' id='word_1_304' title='bbox 972 2123 1013 2162; x_wconf 91' lang='lat' dir='ltr'>in</span> <span class='ocrx_word' id='word_1_305' title='bbox 1033 2121 1269 2162; x_wconf 85' lang='lat' dir='ltr'>communia.</span> <span class='ocrx_word' id='word_1_306' title='bbox 1295 2117 1433 2160; x_wconf 83' lang='lat' dir='ltr'>Pollux</span> <span class='ocrx_word' id='word_1_307' title='bbox 1451 2119 1490 2160; x_wconf 71' lang='grc' dir='ltr'>ἐς</span> <span class='ocrx_word' id='word_1_308' title='bbox 1513 2119 1653 2158; x_wconf 81' lang='lat' dir='ltr'>retinet</span> 
     </span>
     <span class='ocr_line' id='line_1_36' title="bbox 383 2178 864 2231; baseline -0.006 -12"><span class='ocrx_word' id='word_1_309' title='bbox 383 2190 474 2219; x_wconf 84' lang='lat' dir='ltr'>cum</span> <span class='ocrx_word' id='word_1_310' title='bbox 498 2179 543 2218; x_wconf 94' lang='lat' dir='ltr'><strong>M</strong></span> <span class='ocrx_word' id='word_1_311' title='bbox 577 2209 584 2218; x_wconf 92' lang='lat'>.</span> <span class='ocrx_word' id='word_1_312' title='bbox 612 2178 864 2231; x_wconf 84' lang='lat' dir='ltr'>Thucydidis.</span> 
     </span>
    </p>
   </div>
   <div class='ocr_carea' id='block_1_6' title="bbox 437 2223 1716 2290">
    <p class='ocr_par' dir='ltr' id='par_1_11' title="bbox 437 2223 1716 2290">
     <span class='ocr_line' id='line_1_37' title="bbox 437 2223 1716 2290; baseline -0.004 -20"><span class='ocrx_word' id='word_1_313' title='bbox 437 2233 519 2272; x_wconf 84' lang='lat' dir='ltr'>ibid.</span> <span class='ocrx_word' id='word_1_314' title='bbox 547 2234 644 2273; x_wconf 73' lang='grc' dir='ltr'>Ἀντὶ</span> <span class='ocrx_word' id='word_1_315' title='bbox 666 2232 833 2280; x_wconf 71' lang='grc' dir='ltr'><strong><em>βαλάνου</em></strong></span> <span class='ocrx_word' id='word_1_316' title='bbox 854 2226 1098 2290; x_wconf 64' lang='grc' dir='ltr'><strong><em>χρησάμενος</em></strong></span> <span class='ocrx_word' id='word_1_317' title='bbox 1121 2229 1174 2270; x_wconf 79' lang='grc' dir='ltr'>εἰς</span> <span class='ocrx_word' id='word_1_318' title='bbox 1201 2230 1265 2288; x_wconf 45' lang='grc' dir='ltr'><strong><em>τῖον</em></strong></span> <span class='ocrx_word' id='word_1_319' title='bbox 1284 2225 1470 2287; x_wconf 47' lang='grc' dir='ltr'>μοχλδΝν)</span> <span class='ocrx_word' id='word_1_320' title='bbox 1500 2223 1653 2266; x_wconf 68' lang='grc' dir='ltr'>Ατίίὶοο·</span> <span class='ocrx_word' id='word_1_321' title='bbox 1714 2253 1716 2256; x_wconf 54' lang='lat'>&gt;</span> 
     </span>
    </p>
   </div>
   <div class='ocr_carea' id='block_1_7' title="bbox 382 2279 1656 2556">
    <p class='ocr_par' dir='ltr' id='par_1_12' title="bbox 382 2279 1656 2392">
     <span class='ocr_line' id='line_1_38' title="bbox 382 2279 1656 2341; baseline -0.003 -16"><span class='ocrx_word' id='word_1_322' title='bbox 382 2284 529 2340; x_wconf 87' lang='lat' dir='ltr'>phanes</span> <span class='ocrx_word' id='word_1_323' title='bbox 550 2286 666 2341; x_wconf 86' lang='lat' dir='ltr'>Vesp.</span> <span class='ocrx_word' id='word_1_324' title='bbox 692 2301 731 2327; x_wconf 92' lang='lat' dir='ltr'>v.</span> <span class='ocrx_word' id='word_1_325' title='bbox 763 2299 858 2340; x_wconf 82' lang='lat'>154:</span> <span class='ocrx_word' id='word_1_326' title='bbox 882 2285 1063 2335; x_wconf 74' lang='grc' dir='ltr'>ἑπιμελου</span> <span class='ocrx_word' id='word_1_327' title='bbox 1087 2283 1154 2322; x_wconf 70' lang='grc' dir='ltr'>καὶ</span> <span class='ocrx_word' id='word_1_328' title='bbox 1178 2297 1246 2322; x_wconf 85' lang='grc' dir='ltr'>του</span> <span class='ocrx_word' id='word_1_329' title='bbox 1270 2292 1444 2334; x_wconf 79' lang='grc' dir='ltr'><strong><em>μοχλου·</em></strong></span> <span class='ocrx_word' id='word_1_330' title='bbox 1467 2279 1656 2321; x_wconf 53' lang='lat' dir='ltr'>*haemi</span> 
     </span>
     <span class='ocr_line' id='line_1_39' title="bbox 383 2336 1342 2392; baseline -0.005 -12"><span class='ocrx_word' id='word_1_331' title='bbox 383 2340 423 2380; x_wconf 57' lang='grc' dir='ltr'>θ’</span> <span class='ocrx_word' id='word_1_332' title='bbox 442 2338 545 2379; x_wconf 70' lang='grc' dir='ltr'>ὅπως</span> <span class='ocrx_word' id='word_1_333' title='bbox 562 2340 616 2392; x_wconf 70' lang='grc' dir='ltr'>μὴ</span> <span class='ocrx_word' id='word_1_334' title='bbox 640 2341 705 2381; x_wconf 67' lang='grc' dir='ltr'>τὴν</span> <span class='ocrx_word' id='word_1_335' title='bbox 726 2341 888 2386; x_wconf 70' lang='grc' dir='ltr'>βάλανον</span> <span class='ocrx_word' id='word_1_336' title='bbox 913 2336 1154 2390; x_wconf 73' lang='grc' dir='ltr'><strong><em>ἐκτρώξεται,</em></strong></span> <span class='ocrx_word' id='word_1_337' title='bbox 1179 2336 1342 2376; x_wconf 73' lang='lat' dir='ltr'>SPANH.</span> 
     </span>
    </p>

    <p class='ocr_par' dir='ltr' id='par_1_13' title="bbox 386 2385 1656 2556">
     <span class='ocr_line' id='line_1_40' title="bbox 437 2385 1656 2446; baseline -0.003 -14"><span class='ocrx_word' id='word_1_338' title='bbox 437 2397 512 2433; x_wconf 85' lang='lat' dir='ltr'>ead.</span> <span class='ocrx_word' id='word_1_339' title='bbox 538 2394 562 2433; x_wconf 90' lang='lat' dir='ltr'>l.</span> <span class='ocrx_word' id='word_1_340' title='bbox 595 2408 652 2433; x_wconf 87' lang='lat'>12.</span> <span class='ocrx_word' id='word_1_341' title='bbox 677 2394 813 2439; x_wconf 68' lang='grc' dir='ltr'>Πύλας</span> <span class='ocrx_word' id='word_1_342' title='bbox 835 2388 1007 2446; x_wconf 65' lang='grc' dir='ltr'>ἐρήμους)</span> <span class='ocrx_word' id='word_1_343' title='bbox 1031 2389 1215 2444; x_wconf 86' lang='lat' dir='ltr'>Agnoscit</span> <span class='ocrx_word' id='word_1_344' title='bbox 1237 2389 1373 2430; x_wconf 87' lang='lat' dir='ltr'>Suidas</span> <span class='ocrx_word' id='word_1_345' title='bbox 1395 2389 1438 2430; x_wconf 77' lang='grc' dir='ltr'>δι</span> <span class='ocrx_word' id='word_1_346' title='bbox 1458 2386 1506 2428; x_wconf 86' lang='lat' dir='ltr'>ad</span> <span class='ocrx_word' id='word_1_347' title='bbox 1526 2385 1656 2428; x_wconf 78' lang='lat' dir='ltr'>Schol-</span> 
     </span>
     <span class='ocr_line' id='line_1_41' title="bbox 386 2441 1653 2502; baseline -0.006 -15"><span class='ocrx_word' id='word_1_348' title='bbox 386 2446 557 2502; x_wconf 85' lang='lat' dir='ltr'>resplcit‚</span> <span class='ocrx_word' id='word_1_349' title='bbox 580 2449 647 2501; x_wconf 86' lang='lat' dir='ltr'>qui</span> <span class='ocrx_word' id='word_1_350' title='bbox 671 2446 798 2488; x_wconf 88' lang='lat' dir='ltr'>nescio</span> <span class='ocrx_word' id='word_1_351' title='bbox 822 2459 872 2487; x_wconf 89' lang='lat' dir='ltr'>an</span> <span class='ocrx_word' id='word_1_352' title='bbox 897 2444 960 2485; x_wconf 90' lang='lat' dir='ltr'>hic</span> <span class='ocrx_word' id='word_1_353' title='bbox 981 2443 1069 2484; x_wconf 85' lang='lat' dir='ltr'>satis</span> <span class='ocrx_word' id='word_1_354' title='bbox 1088 2443 1191 2484; x_wconf 73' lang='lat' dir='ltr'>refte</span> <span class='ocrx_word' id='word_1_355' title='bbox 1217 2443 1428 2496; x_wconf 84' lang='lat' dir='ltr'>distinguat.</span> <span class='ocrx_word' id='word_1_356' title='bbox 1456 2441 1653 2490; x_wconf 87' lang='lat' dir='ltr'>Phoenix,</span> 
     </span>
     <span class='ocr_line' id='line_1_42' title="bbox 386 2494 1656 2556; baseline -0.005 -13"><span class='ocrx_word' id='word_1_357' title='bbox 386 2514 500 2543; x_wconf 87' lang='lat' dir='ltr'>canes</span> <span class='ocrx_word' id='word_1_358' title='bbox 526 2501 618 2543; x_wconf 86' lang='lat' dir='ltr'>suos</span> <span class='ocrx_word' id='word_1_359' title='bbox 640 2502 865 2556; x_wconf 64' lang='grc' dir='ltr'><strong><em>πυλαώρους</em></strong></span> <span class='ocrx_word' id='word_1_360' title='bbox 891 2510 1036 2549; x_wconf 87' lang='lat' dir='ltr'>vocat,</span> <span class='ocrx_word' id='word_1_361' title='bbox 1060 2499 1101 2540; x_wconf 75' lang='grc' dir='ltr'>δι</span> <span class='ocrx_word' id='word_1_362' title='bbox 1125 2497 1359 2553; x_wconf 83' lang='lat' dir='ltr'>Apollonius</span> <span class='ocrx_word' id='word_1_363' title='bbox 1384 2495 1496 2538; x_wconf 84' lang='lat' dir='ltr'>aulae</span> <span class='ocrx_word' id='word_1_364' title='bbox 1526 2494 1656 2549; x_wconf 80' lang='lat' dir='ltr'>regiae</span> 
     </span>
    </p>
   </div>
   <div class='ocr_carea' id='block_1_8' title="bbox 1712 1635 1734 2174">
    <p class='ocr_par' dir='ltr' id='par_1_14' title="bbox 1712 1635 1734 2174">
     <span class='ocr_line' id='line_1_43' title="bbox 1712 1635 1734 2174; textangle 90"><span class='ocrx_word' id='word_1_365' title='bbox 1718 2171 1719 2174; x_wconf 25' lang='grc' dir='ltr'><em>Α</em></span> <span class='ocrx_word' id='word_1_366' title='bbox 1718 2154 1720 2158; x_wconf 67' lang='grc'><strong>“</strong></span> <span class='ocrx_word' id='word_1_367' title='bbox 1712 1949 1734 2127; x_wconf 50' lang='grc' dir='ltr'>”..ἓὴ..ἓ.ιὶ”“ἶᾼολ</span> <span class='ocrx_word' id='word_1_368' title='bbox 1715 1860 1734 1943; x_wconf 56' lang='lat' dir='ltr'>VM.</span> <span class='ocrx_word' id='word_1_369' title='bbox 1716 1663 1734 1851; x_wconf 48' lang='lat' dir='ltr'>„qa-Mu</span> <span class='ocrx_word' id='word_1_370' title='bbox 1731 1635 1734 1647; x_wconf 82' lang='grc'>..</span> 
     </span>
    </p>
   </div>
   <div class='ocr_carea' id='block_1_9' title="bbox 1708 2419 1734 2585">
    <p class='ocr_par' dir='ltr' id='par_1_15' title="bbox 1708 2419 1734 2585">
     <span class='ocr_line' id='line_1_44' title="bbox 1708 2419 1734 2585; textangle 90"><span class='ocrx_word' id='word_1_371' title='bbox 1708 2419 1734 2585; x_wconf 52' lang='lat' dir='ltr'>„shut-1¹32*</span> 
     </span>
    </p>
   </div>
  </div>
 </body>
</html>
