1734 3158
354 238 450 286 214
641 217 1330 273 THUCYDIDIS

352 339 639 391 προσεχωρουν
654 320 834 389 μᾶλλον
853 321 908 378 ὡς
923 319 1154 378 Ἀττικαις
1172 343 1250 373 και
1227 316 1435 372 ἐλπίδα
1448 312 1600 374 οὐοῩε
1555 342 1628 385 την

354 397 591 458 ἐλαχίστην
611 405 718 459 εἰχον
731 419 793 466 μη
807 418 911 448 ποτε
926 396 1211 457 Ἀθηναίων
1158 422 1228 458 της
1245 397 1497 459 θαλάσσης
1513 421 1624 472 κρα-
1656 455 1658 457 ,

354 494 546 527 τουντων,
568 472 669 530 ναῧς
688 472 1036 532 Πελοποννησίων
1063 480 1119 531 εἰς
1142 473 1297 525 Ἰωνίαν
1322 476 1624 545 παραβαλειν.

429 540 527 613 λγ.
555 543 668 600 Ἀπο
693 539 762 599 δε
763 572 834 607 της
860 547 950 608 ’ΦΕ
955 545 1047 600 ἔσου
1071 552 1089 599 ὁ
1116 548 1361 606 Ἀλκίὸας
1349 546 1474 602 ἔπλει
1499 571 1626 603 κατα

356 622 516 687 ταχος,
533 647 611 676 και
632 617 778 688 Φυγην
794 626 981 676 ἐποιεῖτο.
997 621 1119 686 maan
1138 647 1231 693 γαρ
1251 622 1335 677 ὑπο
1357 649 1428 687 της
1449 626 1625 679 Σαλα-

357 706 498 771 μινίας
512 723 590 752 και
570 695 894 789 Παραλου,’
870 722 928 751 ετι
944 722 1036 772 περι
1015 697 1263 793 Κλάρον
1247 724 1389 792 ορμων.
1410 708 1459 753 αἱ
1479 703 1521 754 δ’
1540 706 1626 755 ἀπ’

357 773 580 837 Ἀθηνων
556 798 700 838 ετυχον
718 771 946 826 πλέουσαι·
968 798 1045 828 και
1069 770 1266 835 ὃεὸιως
1224 801 1292 839 την
1318 777 1510 840 δίωξιν,
1498 775 1627 831 ἔπλει

357 849 431 903 δια
448 853 520 904 τοῧ
546 865 799 916 πελαγους,
822 852 876 909 ὡς
896 854 956 916 γῇ
975 849 1157 910 {novo-tog
1182 857 1226 905 οὐ
1251 875 1429 917 σχησων
1455 853 1578 922 οἷλλῃ
1599 879 1626 917 η

357 927 691 999 Πελοποννησον·
713 953 773 999 τῳ
752 918 840 978 δε
862 927 1055 991 Παχητι
1080 951 1158 980 και
1177 932 1259 987 τοῖς
1281 930 1504 990 ΗΑθηναιοις
1525 925 1626 991 ἦλθε

358 1026 434 1076 μεν
452 1028 531 1056 και
545 1001 637 1055 ἀπο
656 1028 727 1064 της
745 1003 984 1076 Ἐρυθραίοις
997 1009 1230 1074 ἀγγελία,
1247 1008 1466 1066 ἀφικνεῖτο
1486 998 1531 1058 δε
1546 1031 1628 1060 και

359 1081 640 1143 πανταχοθεν.
670 1085 917 1142 ἀτειχίστου
939 1103 1031 1148 γαρ
1052 1104 1172 1142 ουσης
1196 1106 1267 1142 της
1291 1082 1471 1140 Ἰωνίας,
1491 1105 1628 1152 μεγα

359 1181 406 1209 το
431 1154 548 1214 ὃέος
538 1154 696 1221 εγένετο
724 1180 786 1225 μη
811 1154 1137 1228 παραπλέοντες
1161 1163 1194 1211 οἱ
1216 1157 1568 1220 Πελοποννησιοι,
1591 1167 1628 1212 εὶ

359 1256 438 1285 και
459 1234 514 1291 ὡς
531 1257 594 1303 μη
570 1226 815 1285 διενοοῦντο
831 1231 980 1303 μένειν,
998 1231 1241 1306 πορθωσιν”’
1213 1257 1320 1305 αμα
1337 1242 1629 1307 προσπίπτον-

359 1332 427 1368 τες
440 1332 521 1367 τας
534 1310 696 1368 πολεις.
712 1308 993 1375 αὐταγγελοι
1009 1310 1050 1360 δ’
1063 1333 1185 1363 αυτον
1199 1311 1386 1362 douo-xi
1375 1333 1412 1363 εν
1425 1335 1473 1365 τη
1452 1311 1631 1365 Κλοί·

358 1462 457 1503 ticas
480 1461 737 1511 accedebant;
758 1463 800 1503 δι
821 1476 871 1504 ne
884 1462 951 1504 vel
973 1463 1171 1504 minimam
1194 1464 1352 1518 quidem
1373 1462 1628 1519 suspicionem

358 1530 575 1582 habebant,
605 1545 697 1572 cum
724 1531 977 1573 Athenienses
1004 1535 1121 1574 maris
1147 1534 1350 1588 imperium
1382 1533 1629 1583 obtinerent,-

357 1602 727 1657 Peloponnesiorum
747 1603 918 1645 navesin
932 1604 1084 1644 Ioniam
1097 1617 1271 1658 unquam
1295 1603 1518 1645 traieemras
1538 1603 1628 1646 effe.

412 1673 595 1714 XXXIII.
625 1674 780 1715 Alcidas
802 1688 903 1716 vero
925 1673 1076 1729 Epheso
1094 1674 1236 1728 raptim
1256 1673 1437 1724 disceffit‚
1451 1674 1546 1715 &in
1564 1673 1630 1716 fu-

358 1758 445 1799 gam
478 1745 516 1786 se
547 1745 659 1787 dedit.
691 1746 792 1786 Nam
815 1759 838 1786 a
859 1745 1064 1787 Salaminia
1089 1745 1132 1786 &
1156 1745 1295 1786 Paralo
1323 1745 1512 1794 navibus,
1534 1745 1628 1786 dum

357 1816 482 1857 adhuc
509 1817 550 1856 in
576 1828 696 1871 portu
722 1816 769 1857 ad
798 1816 946 1858 claron
970 1815 1087 1863 effet,
1111 1814 1337 1870 conspefms
1361 1815 1500 1857 fuerat.
1538 1817 1628 1857 Hae

357 1897 489 1927 autem
516 1886 567 1926 ab
590 1886 756 1927 Athenis
780 1886 933 1927 cursum
959 1886 1050 1928 casu
1081 1887 1274 1927 tenebant.
1308 1900 1355 1928 ac
1380 1886 1499 1928 hostis
1531 1885 1630 1928 inse-

357 1958 513 2011 quentis
534 1957 744 1999 adventum
769 1944 971 2006 metuens,
991 1968 1062 2011 per
1085 1955 1208 1996 altum
1233 1955 1447 2005 ferebatur,
1466 1955 1514 1996 ad
1540 1955 1629 1995 nul-

291 2033 296 2039 '
355 2028 433 2070 iam
460 2028 572 2069 aliam
594 2028 793 2082 regionem
823 2029 953 2076 ultro,
982 2027 1052 2068 nisi
1077 2027 1125 2067 ad
1145 2026 1455 2082 Peloponnesum
1488 2026 1630 2082 appul-

357 2097 478 2140 surus.
505 2098 659 2139 Pacheti
685 2111 784 2139 vero
812 2097 855 2139 δι
879 2096 1177 2138 Atheniensibus
1203 2109 1295 2138 cum
1321 2097 1519 2151 undique,
1541 2106 1628 2138 tum

358 2168 478 2208 etiam
505 2181 554 2208 ex
583 2168 802 2221 Erythraea
829 2167 944 2208 huius
970 2167 1026 2207 rei
1049 2167 1210 2207 nuntius
1242 2164 1488 2207 afferebatur.
1522 2164 1628 2207 Cum

358 2239 461 2279 enim
487 2239 600 2279 Ionia
638 2239 755 2279 nullis
782 2239 1062 2279 munitionibus
1089 2236 1180 2278 effet
1204 2237 1378 2284 munita,
1411 2248 1538 2279 metus
1569 2237 1630 2277 in-

358 2321 454 2362 gens
482 2319 565 2348 erat
579 2340 591 2357 ‚
624 2321 673 2348 ne
696 2307 966 2362 Peloponnesii
997 2307 1227 2348 maritimam
1251 2319 1363 2347 oram
1386 2306 1552 2346 navibus
1573 2305 1630 2346 le·

358 2389 491 2433 gentes
506 2410 518 2428 ,
543 2379 726 2432 quamvis
746 2379 788 2419 δι
802 2378 853 2419 fic
867 2380 914 2418 -in
937 2379 1070 2418 animo
1093 2390 1173 2417 non
1200 2377 1385 2417 haberent
1408 2376 1554 2416 diutius
1574 2375 1628 2417 ibi

359 2463 536 2501 manere,
555 2462 685 2491 tamen
710 2451 861 2501 obiter,
884 2461 1003 2505 prout
1023 2450 1062 2490 in
1079 2449 1244 2503 fingulas
1263 2450 1378 2490 urbes
1396 2447 1627 2497 incidiffent,

358 2534 427 2564 eas
439 2521 657 2577 diriperent.
676 2522 834 2564 Paralus
854 2534 955 2565 vero
974 2521 1017 2563 &
1029 2520 1233 2563 Salaminia
1245 2532 1491 2570 nave8,cum
1505 2516 1627 2573 ipsae-
