1734 3158
365 218 455 268 554
561 201 1445 250 ANNOTATIONES

357 294 452 330 σθαι
470 288 540 341 μὲν
560 289 670 345 ἑτέρῳ
683 321 698 339 ,
715 293 758 330 τδ
782 289 1045 332 καταὲουλοῢν
1067 290 1107 331 δ’
1133 289 1258 341 ἑαυτῷ
1274 290 1474 345 γίγνεται.
1500 291 1549 332 Et
1569 304 1646 333 va·

358 357 451 384 nam
469 343 545 385 effe
565 344 876 386 observationem
891 377 903 395 ,
928 345 1175 387 ostenderunt
1203 345 1332 386 Schol.
1359 346 1520 387 Luciani
1539 359 1562 386 e
1579 346 1639 387 lo-

361 411 411 439 co
434 397 633 448 Isocratis,
653 400 722 453 qui
747 398 801 440 est
830 400 873 439 in
892 400 1061 455 Evagor.
1083 411 1170 454 pag.
1205 413 1278 454 192
1304 399 1362 440 ed.
1389 399 1569 455 Stephan.
1594 401 1640 442 &

361 451 508 494 Graev.
536 466 559 494 e
578 453 802 506 Thucydid.
830 453 947 501 Vm,
972 454 1035 503 46.

414 510 489 547 ead.
513 507 538 547 l.
560 507 596 548 8.
618 508 679 547 Ἐκ
694 506 762 547 τοῦ
789 522 833 547 τε
854 508 971 562 Διὸς)
993 508 1086 548 Non
1106 507 1205 548 male
1228 506 1316 548 Mff.
1337 507 1380 548 ἐκ
1401 506 1474 548 τοῦ.
1488 522 1533 548 τε
1551 509 1641 548 Δὸς

362 560 431 600 τοῦ
452 561 634 612 τεμένους.
659 563 806 602 WAss.
825 561 889 601 Sic
908 574 990 616 cap.
1013 560 1059 601 81
1074 590 1086 609 ,
1109 561 1144 603 ἐν
1166 559 1235 601 τοῦ
1267 560 1446 602 Διονύσου
1464 561 1521 612 τῷ
1542 560 1643 614 ἱερῷ,

362 614 470 655 Nota
490 614 544 655 est
562 615 659 656 haec
682 615 786 668 apud
806 625 959 655 veteres
983 615 1119 669 religio
1141 615 1323 656 lucorum
1337 645 1349 664 ,
1372 629 1489 670 quam
1514 615 1640 656 viola-

362 678 444 708 tam
465 669 614 709 dicebat
636 668 785 709 Pithias.
811 669 902 709 vid.
923 668 1045 710 Ovid.
1071 668 1169 710 VIII
1186 670 1344 710 Metam.
1369 684 1445 721 741
1466 670 1569 724 seqq.
1592 669 1637 710 δι

362 721 542 764 IV‘Fast.
566 735 670 778 753,
693 722 823 777 ibique
856 722 1022 776 Neapol.
1044 723 1147 763 Hinc
1167 720 1279 778 saepe
1312 724 1354 763 in
1376 723 1526 765 Ovidio
1540 755 1553 773 ,
1581 723 1638 763 in·-

365 779 518 817 caeduus
533 777 657 825 lucus,
677 776 901 818 &incaedua
917 777 1019 830 filva.
1042 775 1294 818 Athenienses
1311 790 1478 832 poenam
1497 778 1644 832 capitis,

363 830 572 871 statuerant
593 832 635 871 in
656 843 726 871 eos
738 863 750 881 ,
768 831 836 885 qui
855 830 920 871 vel
938 831 1138 871 minimam
1150 830 1276 872 ilicem
1298 844 1322 872 e
1342 831 1435 874 luco
1452 833 1639 873 Heroum

362 885 592 926 excidiffent.
614 884 764 925 Aelian.
792 886 832 926 V
858 886 956 926 Var.
982 884 1078 926 Hist.
1107 898 1168 937 17.
1196 903 1202 913 ι

423 943 498 980 ead.
514 940 540 979 l.
555 953 592 993 9.
609 939 803 994 Ἀλκίνου)
826 939 905 980 Etsi
922 939 1000 980 hoc
1017 952 1162 980 nomen
1184 937 1423 993 frequentius
1443 938 1522 980 stne
1540 952 1640 980 con-

365 994 554 1035 traffione
576 992 776 1042 scribitur,
801 1004 930 1034 tamen
955 1006 1038 1034 non
1057 992 1191 1034 desunt
1211 1006 1322 1033 exem
1352 993 1390 1034 la
1416 994 1458 1033 in
1483 1005 1641 1034 contras

366 1048 482 1088 rium.
503 1047 713 1095 ’Λλκι’νους,
732 1047 939 1097 Ἀλκίνουν,
960 1048 1007 1087 de
1031 1046 1106 1088 hoc
1129 1047 1302 1088 Alcinoo
1385 1060 1465 1088 non
1485 1048 1641 1088 Narrat.

370 1102 520 1166 3lapud
544 1101 737 1142 Photium.
757 1102 918 1142 Ἀλκίνου
939 1101 1091 1142 Aelian.
1121 1100 1196 1142 XII
1221 1097 1319 1142 Var.
1340 1101 1438 1142 Hist.
1465 1114 1527 1153 25.
1550 1101 1654 1141 ’Aa--

366 1170 450 1206 κινῳ
473 1155 617 1196 Athen.
651 1154 697 1203 Ι,
725 1155 772 1202 8,
792 1156 834 1196 δι
856 1156 1043 1196 Ἀλκίνους
1069 1154 1113 1203 I,
1148 1170 1207 1195 11.
1238 1155 1299 1196 Sic
1327 1154 1425 1196 alius
1453 1154 1640 1196 Ἀλκίνους

365 1210 469 1264 apud
498 1209 731 1264 Apollodor.
759 1209 841 1259 III,
870 1224 941 1257 10,
962 1210 1005 1250 δι
1029 1208 1185 1250 Pausan.
1215 1208 1302 1259 VI,
1330 1223 1364 1251 1.
1387 1209 1525 1263 Itaque
1555 1222 1641 1249 non

366 1275 523 1318 apparet
547 1263 684 1313 causa,
709 1277 781 1305 cur
808 1265 885 1305 viri
908 1263 1013 1304 dosti
1032 1264 1070 1303 id
1101 1263 1178 1303 hoc
1199 1262 1316 1313 loco,
1337 1274 1475 1304 contra
1499 1276 1641 1304 omnes

365 1317 486 1359 libros
507 1317 666 1371 scriptos
699 1318 740 1358 δι
763 1318 846 1359 edd.
874 1329 1024 1358 mutare
1046 1317 1255 1359 voluerint.
1281 1317 1479 1358 Scholiast.
1503 1317 1638 1358 Theo-

365 1372 449 1412 criti
472 1373 511 1412 in
545 1371 602 1413 IV
638 1371 752 1425 Idyll.
782 1387 852 1426 32:
872 1367 1077 1423 Ἄλκιμος,
1109 1372 1174 1426 καὶ
1204 1371 1365 1424 Κρότων,
1395 1369 1534 1412 Αἰακοῦ
1559 1370 1641 1412 υἱοί.

365 1427 433 1466 καὶ
461 1426 477 1465 ὃ
500 1426 570 1478 μὲν
587 1426 809 1473 ἐβασίλευσε
827 1426 902 1466 τῶν
921 1427 1164 1479 Κερκυραίων,
1191 1425 1208 1464 ὃ
1231 1425 1278 1466 ἒὲ
1304 1425 1340 1466 ἑν
1358 1424 1513 1476 Σικελία
1542 1423 1639 1464 ἔκτι-

365 1493 410 1520 σε
435 1480 620 1535 Κρότωνα.
646 1481 778 1535 Lego,
805 1480 1011 1527 Ἀλκίνοος,
1037 1480 1102 1520 vel
1135 1478 1352 1526 Ἀλκίνους,
1375 1479 1442 1520 καὶ
1470 1483 1498 1517 K
1522 1477 1639 1526 ὅτων,

368 1533 538 1576 Φαίακος
555 1535 636 1575 υἱοί.
654 1535 756 1575 Nam
779 1548 861 1575 non
885 1534 1065 1582 Aeacus,
1087 1532 1172 1583 sed,
1190 1544 1236 1574 ut
1258 1531 1394 1574 auster
1412 1531 1467 1574 est
1553 1545 1639 1573 non

364 1587 391 1627 l.
416 1588 452 1628 d.
475 1588 628 1630 Phaeax
658 1599 766 1643 pater
789 1588 964 1630 Alcinoo
987 1587 1082 1635 fuit,
1101 1601 1125 1627 a
1147 1601 1230 1642 quo
1248 1586 1449 1640 Corcyra,
1471 1599 1635 1640 regnum

368 1641 554 1694 Alcinoi,
579 1643 785 1693 Phaeacia,
810 1643 853 1684 &
876 1641 1024 1684 incolae
1056 1641 1257 1682 Phaeaces.
1288 1640 1416 1694 Quod
1440 1640 1640 1681 Scholiast.

366 1696 538 1738 Theocr.
563 1697 780 1739 Crotonem
813 1698 853 1737 in
879 1696 1003 1738 Sicilia
1029 1696 1155 1745 locat,
1183 1696 1223 1736 id
1252 1695 1451 1736 Berkelius
1475 1694 1522 1735 ad
1553 1694 1637 1735 Ste-

392 1750 481 1792 han.
508 1752 547 1792 in
578 1751 748 1805 Κρότων,
777 1751 1010 1792 Cluverium
1038 1750 1212 1800 secutus,
1235 1750 1282 1789 de
1306 1750 1451 1803 Magna
1472 1748 1637 1789 Graecia

365 1763 499 1846 Italiae
522 1807 674 1861 accipit.
705 1806 778 1847 Sed
798 1807 851 1846 ita
879 1818 958 1846 non
989 1803 1222 1845 succurritur
1252 1803 1471 1858 Stephano,
1549 1802 1560 1841 i
1585 1801 1640 1843 fic

364 1871 416 1903 ex
438 1873 516 1900 una
541 1861 640 1901 urbe
662 1861 756 1900 duas
783 1858 910 1900 faciet.
941 1858 1126 1904 Ceterum
1155 1859 1224 1912 qui
1247 1856 1477 1904 Scholiastae
1541 1855 1636 1897 heo·

365 1914 454 1954 criti
480 1914 619 1967 Κρὸτων
641 1914 719 1964 est,
742 1927 833 1955 eum
851 1914 997 1955 Conon
1025 1913 1197 1953 Locrum
1221 1923 1338 1952 vocat
1353 1941 1365 1959 ,
1394 1912 1437 1952 δι.
1459 1910 1636 1960 Locros,

364 1968 502 2010 urbem
527 1967 658 2009 Italiae
677 2000 690 2018 ,
724 1969 774 2008 ab
810 1981 863 2008 eo
902 1979 1046 2008 nomen
1078 1965 1264 2021 accepisse
1302 1962 1404 2005 dicit.
1439 1963 1515 2005 Sed
1544 1976 1636 2005 cum

296 2020 298 2022 ’
365 2021 576 2062 Scholiasta
598 2022 743 2064 faciunt
767 2021 934 2063 Ovidius
961 2022 1039 2062 XV
1058 2021 1218 2062 Metam.
1239 2019 1363 2074 princ.
1382 2017 1637 2060 &Iamblich-

366 2076 413 2116 de
435 2076 516 2116 Vit.
542 2076 706 2131 Pythag.
730 2087 774 2117 ca
803 2107 812 2116 .
839 2089 877 2128 9.
902 2075 951 2116 In
975 2074 1143 2116 Conone
1167 2086 1331 2128 quoque
1380 2085 1429 2113 ro
1453 2070 1635 2118 Λατῖνος,

365 2141 388 2169 a
411 2143 494 2183 quo
520 2130 690 2172 Locrum
712 2130 768 2179 ho
783 2131 880 2185 pitio
902 2140 1106 2184 exceptum
1127 2128 1262 2178 tradit,
1290 2140 1314 2168 e
1371 2126 1473 2167 chol.
1498 2125 1635 2166 Theo-

365 2183 453 2224 criti
469 2184 673 2238 legendum
718 2195 789 2225 uto
812 2184 991 2232 Λακῖνος,
1006 2185 1049 2224 &
1069 2196 1092 2223 e
1108 2182 1244 2223 Servio
1264 2181 1314 2222 ad
1336 2181 1449 2235 Virg.
1465 2178 1636 2220 mAen„

369 2250 456 2292 552.
477 2237 577 2278 Add.
597 2239 680 2279 Hol
712 2252 772 2279 en.
794 2239 841 2279 ad
863 2237 1042 2292 Stephan.
1064 2237 1103 2276 in
1129 2235 1306 2277 Λακίνιον.

375 2323 379 2327 .
418 2293 499 2331 ibid.
526 2293 622 2332 Ka&
641 2291 805 2334 ἕκαστον
829 2291 1012 2347 χάρακα)
1037 2290 1103 2331 Ad
1121 2301 1258 2331 nomm
1281 2286 1457 2329 Hudsoni
1478 2285 1518 2326 in
1534 2286 1633 2326 Var.

364 2343 539 2386 LeEtion.
562 2347 645 2387 add.
674 2360 776 2402 quos
793 2346 920 2387 laudat
936 2344 1208 2400 Iungermann.
1235 2342 1282 2384 ad
1304 2341 1448 2383 Polluc.
1471 2339 1516 2389 Ι,
1547 2341 1635 2381 162.

367 2399 410 2441 &
432 2399 577 2440 Thom.
599 2400 839 2455 Magistrum.

419 2457 496 2494 ead.
520 2454 545 2492 l.
572 2467 632 2494 11.
648 2448 778 2496 Ὅπως
798 2452 1007 2507 ταξάμενοι
1028 2448 1245 2503 &waszo-w)
1269 2447 1535 2496 PenfionibuS,
1556 2447 1634 2487 hoc

366 2504 444 2558 est,
461 2508 724 2563 τεταγμέναις
750 2507 840 2550 ταῖς
868 2504 1131 2554 καταβολαῖς,
1158 2503 1339 2546 Budaeus
1358 2503 1404 2543 in
1428 2501 1638 2543 Commen-
