1734 3158
349 241 438 287 152
620 219 1323 270 'THUCYDIDIS

343 342 491 395 γαρα,
518 316 910 380 καθελκύσαντας
899 343 949 374 εκ
974 321 1173 379 Νισαίας
1196 319 1268 373 τοῧ
1270 321 1448 405 νεωρίου
1474 319 1610 372 αὐτων

344 420 671 494 τεσσαρακοντα
695 397 817 455 ναῧς,
843 397 890 449 αἳ
910 393 1055 460 ἔτυχον
1083 397 1221 450 αὐτοθι
1247 391 1393 453 οὖσαι,
1411 396 1608 449 πλεῦσαι

343 472 483 532 εὐθυς
473 496 543 526 em
561 498 625 526 τον
641 474 849 567 Πειραια.
870 495 960 526 ουτε
979 493 1070 541 γαρ
1087 495 1269 526 ναυτικον
1285 468 1326 534 ἦν
1342 472 1609 567 προφυλάσ-

345 575 415 604 σον
435 552 472 603 ἐν
498 553 615 623 αὐτῳ
591 542 765 606 own,
786 547 875 603 οὐτε
899 550 1132 623 προσδοκία
1157 549 1330 620 οὐδεμία
1348 575 1410 621 μη
1429 573 1482 603 αν
1507 571 1612 601 ποτε

346 633 382 681 οἱ
407 624 608 697 πολέμιοι
635 628 887 689 ἐξαπιναίως
913 625 1039 684 οὕτως
1058 625 1379 680 ἐπ-ιπλευσειαν.
1408 622 1498 679 ἐπει
1525 626 1613 677 ov3'

346 727 439 756 απο
458 704 528 755 τοῧ
545 702 784 795 προφανοῦς
801 716 1023 772 τολμησαι
1043 725 1093 755 αν
1108 706 1206 755 καθ’
1223 705 1428 767 ἡσυχίαν,
1448 692 1559 757 ov3e,
1579 710 1614 754 εἱ

346 779 574 835 διενοοῦντο,
602 803 664 849 μη
685 782 759 831 οὐκ
787 801 840 831 αν
860 775 1216 874 προαισθεσθαι.
1238 802 1294 837 ως
1316 771 1361 831 32
1384 776 1510 843 ἔδοξεν
1531 783 1615 830 αὐ-

346 880 453 914 τοις,
485 878 563 906 και
596 854 770 928 ἒχωρουν
801 852 925 912 εὐθυς·
944 851 1034 908 και
1062 854 1314 923 αφικὸμενοι
1338 879 1503 914 νυκτος,
1535 877 1616 906 και

346 930 729 990 καθελκύσαντες’
718 953 767 984 εκ
791 953 862 992 της
891 931 1089 989 Νισαίας
1116 953 1197 989 τας
1221 932 1341 991 ναῧς,
1370 927 1520 984 επλεον
1543 928 1614 984 ἐπι

349 1030 424 1080 μεν
441 1032 504 1060 τον
522 1009 717 1081 Πειραια
735 1003 889 1063 οὐκέτι,
907 1030 1052 1074 ωσπερ
1072 1007 1278 1061 διενοουντο
1289 1044 1302 1064 ,
1324 1008 1615 1060 καταδείσαν-

348 1108 417 1143 τες
435 1109 499 1137 τον
515 1084 683 1136 κίνδυνον
674 1080 730 1174 <
740 1088 824 1135 καί
833 1107 893 1141 τις
908 1106 985 1135 και
1002 1082 1152 1155 ἄνεμος
1164 1081 1315 1143 αὐτους
1328 1081 1513 1150 λέγεται
1528 1107 1617 1136 κω-

349 1155 570 1231 λυσαι>’
560 1183 630 1212 επι
656 1152 701 1212 δε
728 1183 799 1221 της
821 1158 1155 1230 Σαλαμῖνος
1112 1184 1158 1212 το
1184 1183 1426 1254 oezpmrqfaov
1448 1185 1494 1212 το
1519 1184 1620 1234 προς

351 1235 600 1309 Μέγαρα(
584 1251 689 1329 ορων”
720 1232 750 1309 <
758 1259 836 1288 και
867 1235 1046 1308 φρουριον
1074 1238 1143 1288 ἐπ’
1167 1241 1296 1290 αὐτου
1328 1241 1391 1298 ἦν,
1423 1260 1500 1288 και
1524 1259 1614 1289 νεων

349 1338 464 1388 τριων
478 1307 687 1377 φυλακη,
702 1335 773 1366 του
788 1337 851 1387 μη
868 1314 1043 1367 ὲσπλειν
1057 1313 1321 1387 Μεγαρεῦσι
1333 1314 1435 1384 μηδ’
1447 1314 1620 1365 {mmm

350 1474 402 1519 egr
412 1461 550 1502 Nisaea
561 1492 574 1511 ‚
591 1460 745 1501 illorum
769 1461 924 1511 navali,
946 1461 1199 1516 quadraginta
1217 1460 1384 1502 navibus
1395 1491 1407 1510 ‚
1423 1473 1526 1516 quae
1539 1458 1618 1501 illic

351 1544 484 1583 erant,
511 1532 710 1574 confestim
733 1534 772 1574 in
792 1534 992 1575 Piraeeum
1011 1534 1253 1588 navigarent.
1279 1533 1366 1574 Nec
1383 1534 1488 1574 enim
1510 1532 1552 1572 in
1567 1544 1618 1572 eo

351 1601 431 1642 ulla
451 1601 572 1643 claffis
587 1612 692 1651 erat,
717 1615 817 1656 quae
839 1616 913 1658 pro
932 1613 1051 1657 portu
1073 1604 1114 1643 in
1137 1603 1301 1644 statione
1319 1614 1480 1643 manens
1500 1614 1622 1656 excu-

353 1671 435 1711 bias
454 1682 606 1725 ageret,
634 1685 707 1713 nec
728 1672 810 1713 ulla
828 1671 986 1727 prorsus
1004 1683 1087 1714 erat
1104 1670 1272 1727 suspicio
1293 1671 1341 1712 de
1368 1670 1534 1711 hostium
1557 1670 1622 1710 ad-

353 1751 500 1791 ventu,
525 1740 632 1796 quafi
660 1741 867 1796 aliquando
894 1752 1056 1796 repente
1079 1740 1131 1783 fic
1156 1739 1291 1781 infesta
1313 1738 1426 1781 classe
1448 1752 1500 1780 eo
1523 1752 1625 1781 ven-

352 1814 430 1854 turi
462 1813 590 1854 effent.
627 1813 823 1868 Siquidem
853 1813 1105 1856 Athenienses
1139 1811 1402 1854 existimabant
1415 1842 1430 1862 ,
1457 1811 1545 1852 illos
1574 1823 1624 1852 ne

354 1894 487 1939 aperte
506 1885 682 1939 quidem,
708 1899 778 1940 per
799 1886 927 1927 otium
947 1885 1025 1927 hoc
1046 1885 1233 1937 ausuros,
1256 1898 1407 1940 neque,
1427 1883 1458 1925 si
1479 1883 1520 1924 in
1541 1883 1623 1924 ani-

354 1967 464 1993 mum
488 1954 743 2005 induxiss‘ent‚
764 1954 802 1996 se
831 1969 913 1996 non
941 1955 1226 2011 praesensuros.
1262 1955 1469 2010 Postquam
1491 1965 1624 1996 autem

354 2024 434 2065 hoc
456 2023 544 2078 ipfis
564 2024 752 2079 placitum
779 2025 833 2065 est
847 2057 859 2075 ‚
879 2025 1003 2066 statim
1026 2026 1141 2067 etiam
1168 2025 1426 2068 discesserunt.
1454 2038 1627 2079 cumque
1686 2079 1689 2083 ι

354 2095 478 2136 ηοᾶὶιι
505 2096 668 2150 Megara
690 2095 974 2149 pervenissent,
998 2096 1041 2136 &
1070 2108 1190 2137 naves
1214 2109 1263 2136 ex
1287 2094 1426 2136 Nisaea
1449 2094 1626 2136 deduxis-

354 2163 437 2206 sent
449 2196 461 2214 ‚
477 2165 517 2204 in
537 2165 736 2207 Piraeeum
756 2166 912 2220 quidem
932 2179 1014 2207 non
1033 2166 1200 2221 amplius
1214 2167 1471 2222 navigarunt,
1488 2179 1626 2221 quem-

356 2233 566 2274 admodum
597 2235 638 2274 in
669 2235 802 2275 animo
841 2235 1036 2276 habebant
1056 2265 1069 2286 ,
1100 2235 1314 2292 periculum
1352 2234 1628 2284 formidantes;

354 2304 624 2360 (quamquam
643 2306 799 2360 quidam
817 2307 935 2347 etiam
950 2294 1179 2348 ventus'eos
1196 2305 1433 2362 impediviffe
1454 2305 1624 2356 fertur3)

356 2373 420 2415 sed
453 2374 500 2414 ad
528 2375 725 2417 Salaminis
758 2378 1072 2431 promontorium
1090 2408 1104 2427 ‚
1135 2377 1242 2432 quod
1273 2378 1434 2432 Megara
1465 2375 1626 2431 specstat.

357 2444 441 2498 (ibi
470 2456 598 2486 autem
622 2457 703 2490 erat
730 2447 1091 2502 propugnaculum,
1116 2447 1310 2502 triumque
1332 2447 1491 2488 navium
1514 2459 1627 2501 prae-

357 2513 492 2558 sidium
506 2546 520 2567 ,
552 2528 602 2559 ne
630 2516 722 2577 quid
751 2516 1038 2573 Megarensibus
1068 2516 1343 2575 importaretur
1357 2547 1371 2568 ‚
1402 2529 1503 2561 neve
1535 2515 1627 2573 quid
