1734 3158
323 243 387 290 μ
617 191 1303 276 ΤΗΠΟΥΒῚΒΙΒ

321 316 472 380 αὐτους
491 322 656 418 ῥίπτειν.
679 345 759 375 κοιι
776 319 938 376 πολλοι
960 348 1078 376 τουτο
1097 349 1175 377 των
1197 320 1463 396 ἠμελημένων
1480 328 1588 395 [σὀν·

323 399 520 471 θρωπων]
560 420 638 450 κοοι
665 395 885 495 εδροισοιν’
874 422 914 458 ες
938 397 1134 474 φρέατα,
1163 399 1387 474 &vocuo-rep
1412 405 1463 467 τῇ
1488 401 1592 470 δίψη

321 474 591 547 ξυνεχομενοι.
600 498 694 527 κοιι
718 477 755 528 ἐν
776 501 839 529 τω
861 480 991 548 ὁμοίῳ
1009 476 1277 539 nubem-rhea
1298 478 1368 535 τί,
1389 501 1434 531 τε
1458 475 1590 531 πλέον

320 575 402 604 xus
421 548 610 604 choto-con
627 551 765 604 ποτόν.
785 575 865 604 κοοι
885 555 907 614 ἡ
925 557 1085 626 ἀπορίαι
1101 579 1170 607 του
1189 579 1251 625 μη
1267 554 1491 618 ἡσυχάζειν
1507 578 1589 607 κοοι

320 629 344 688 ἡ
361 632 583 700 οὶγρυπνίοο
601 623 788 680 ἔνι-ἔκειτο
808 629 1050 687 blavam-0²9
1065 652 1144 681 κοοι
1158 654 1204 681 το
1224 653 1385 702 ο-ωμοι,
1403 630 1493 683 ὅσον
1508 653 1593 699 περ

320 703 455 778 χρόνον
476 727 556 756 κοοι
575 706 598 765 ἦ
619 703 731 762 νόο-ος
747 705 963 774 ἀκμάζοι,
982 709 1056 756 οὐκ
1078 709 1344 797 ὲμοοροιίνετοζ
1361 711 1473 759 ἀλλ’
1488 712 1587 759 ἐοντ-

321 784 413 844 εἶχε
438 803 566 854 πωροι
590 779 710 843 δοξαν
734 804 783 845 τη
815 787 1113 876 ταλαιπωρίᾳ.
1148 780 1258 834 ἱοστε
1285 807 1307 843 η
1290 776 1590 876 διεφθείροντο

321 863 356 908 οἱ
373 861 570 909 πλεῖστοι
593 860 791 909 ὲννοοτοοιοι
810 879 889 908 κοοι
909 857 1171 948 ἑβδομαῖοι
1152 882 1235 910 υπο
1257 858 1327 909 τοῧ
1351 854 1456 917 ἔντος
1477 882 1591 911 mv·-

320 956 482 1004 μοι-τος,
501 930 559 986 ἔτι
580 929 742 996 ἒχοντές
759 957 799 985 τι
822 926 1099 1023 ὃννοὶμεως,’
1076 958 1122 995 η,
1147 941 1180 986 εἰ
1204 932 1505 1000 ὃιοοφυγοιεν,
1494 958 1590 987 επι-

320 1010 532 1068 κοιτιὸντος
543 1009 616 1061 τοῧ
636 1032 869 1080 νοσημοοτος
883 1011 922 1067 ἐς
934 1033 1005 1071 την
1017 1015 1183 1062 κοιλίαν
1192 1048 1204 1066 ,
1219 1033 1298 1063 κοιι
1312 1010 1537 1070 {Anda-2⁶05
1547 1033 1594 1063 τε

320 1089 428 1151 αὐτη
446 1088 628 1158 ιὀ-χυροῖς
653 1082 978 1181 {yssy‘uo‘uemffi
1000 1108 1078 1139 mc
1098 1084 1346 1178 &appoloeffl
1318 1109 1427 1158 οομω
1450 1087 1594 1177 οοκροὶ-

321 1187 390 1216 του
413 1160 743 1223 {mmm-ovem,
766 1168 801 1214 οἱ
820 1159 979 1215 πολλοι
989 1158 1157 1254 ὕστερον
1180 1157 1309 1215 ὃιοο
1266 1187 1336 1224 την
1354 1159 1593 1216 ἀσθενειῶν

321 1238 598 1312 διεφθείροντο.
620 1235 761 1309 [κοοι]
788 1231 929 1305 (latina
953 1260 1044 1306 *yae
1069 1237 1139 1290 ὃιοο
1158 1262 1320 1297 ποοντος
1336 1239 1408 1293 τοῧ
1428 1262 1592 1327 ο-ωμοο-

322 1339 390 1373 τος
418 1313 565 1368 ἄνωθεν
590 1314 817 1388 ἀρξαμενον
842 1338 887 1367 το
914 1317 951 1366 ἐν
979 1338 1029 1379 τη
1058 1319 1243 1381 κεφαλή
1267 1338 1424 1389 πρωτον
1450 1307 1594 1388 ιὸρυθεν

322 1475 451 1516 neque
469 1462 572 1503 aliud
591 1461 796 1517 quippiam
819 1472 970 1516 praeter
991 1462 1225 1513 nuditatem3
1247 1461 1538 1504 &libentissi-me
1555 1463 1596 1502 in

323 1545 444 1587 aquas
463 1532 604 1587 gel-idas
629 1530 666 1572 se
690 1532 937 1573 coniicerent.
957 1532 1008 1572 Et
1028 1532 1138 1573 multi
1157 1535 1328 1582 eorum,'
1343 1532 1412 1586 qui
1436 1529 1599 1585 negleffi

323 1614 433 1644 erant
447 1635 460 1655 ,
480 1603 557 1644 hoc
583 1601 705 1657 ipsum
730 1601 845 1642 etiam
869 1599 1072 1651 fecerunt,
1102 1601 1144 1642 δι
1164 1602 1204 1641 in
1226 1611 1368 1656 puteos
1388 1597 1426 1640 se
1446 1598 1596 1640 deiece-

322 1684 414 1714 runt
437 1673 497 1715 siti
519 1672 724 1715 insedabili.
754 1673 804 1713 Et
826 1671 974 1725 largior
1000 1682 1117 1726 potus
1143 1668 1299 1727 perinde
1323 1681 1413 1714 erat.
1434 1683 1482 1711 ac
1510 1682 1598 1724 par-

322 1744 418 1784 cior.
442 1744 491 1784 Et
509 1742 688 1797 corporis
707 1741 870 1782 vexatio
883 1772 895 1790 ‚
915 1754 1018 1795 quae
1041 1739 1259 1795 quiescendi
1277 1738 1502 1780 facultatem
1522 1738 1601 1779 adi-

322 1804 479 1863 mebat,
500 1813 542 1853 δι
562 1822 771 1867 perpetuae
797 1811 953 1865 vigiliae
974 1824 1045 1852 eos
1068 1811 1270 1866 urgebant.
1294 1809 1454 1864 Corpus
1478 1809 1597 1849 etiam

324 1879 471 1935 ipsum,
485 1880 671 1934 quamdiu
692 1879 853 1920 morbus
867 1878 1026 1932 vigebat
1037 1911 1050 1929 ‚
1062 1892 1143 1920 non
1159 1879 1384 1933 languebat:
1406 1877 1470 1919 sed
1487 1890 1600 1933 prae-

323 1963 384 1992 ter
412 1951 641 2006 opinionem
673 1951 862 1992 cruciatui
893 1948 1098 1990 refistehat.
1132 1950 1269 2004 Itaque
1298 1949 1469 2004 plerique
1496 1949 1597 1989 intra

324 2034 478 2062 nonum
491 2052 505 2069 ,
526 2034 593 2063 aut
617 2022 735 2062 etiam
762 2019 965 2076 septimum
987 2021 1087 2061 diem
1102 2051 1114 2070 ‚
1133 2031 1292 2075 propter
1316 2020 1511 2060 internum
1535 2031 1596 2059 ar·

322 2093 458 2133 dorem
479 2093 705 2140 interibant,
725 2091 867 2146 aliquid
883 2091 1027 2131 virium
1046 2090 1172 2130 adhuc
1186 2089 1394 2130 retinentes
1407 2120 1420 2139 ,
1438 2099 1507 2130 aut
1518 2118 1533 2138 ,
1551 2087 1599 2138 fi,

312 2160 402 2201 ·hoc
421 2159 607 2213 temporis
631 2157 755 2213 spatio
781 2158 1014 2212 praeterito,
1035 2167 1204 2198 mortem
1222 2155 1424 2206 vitassent3
1442 2165 1602 2205 tamen,

320 2229 417 2283 ⁴quia
435 2228 597 2268 morbus
616 2228 657 2267 in
677 2237 856 2268 ventrem
881 2227 1105 2268 inferiorem
1134 2226 1403 2277 descendebat,
1426 2227 1470 2268 &
1484 2227 1598 2268 exul-

325 2297 473 2339 ceratio
501 2296 714 2337 vehemens
743 2297 782 2336 in
814 2296 900 2351 ipso
933 2294 1180 2347 nascebatur,
1203 2296 1315 2337 simul
1338 2298 1480 2347 etiam,
1504 2296 1599 2351 quia

326 2366 627 2407 immoderatum
651 2364 729 2405 alvi
753 2365 996 2420 profluvium
1018 2365 1226 2407 invadebat
1240 2395 1253 2412 ,
1272 2364 1445 2419 plerique
1465 2364 1598 2418 postea

328 2447 487 2494 propter
513 2436 745 2477 debilitatem
768 2436 988 2477 interibant.
1018 2435 1186 2476 Morbus
1212 2435 1312 2476 enim
1329 2466 1341 2482 ‚
1367 2435 1438 2488 qui
1457 2435 1600 2489 primas

329 2508 369 2549 in
394 2507 516 2564 capite
538 2505 642 2549 sedes
662 2506 897 2557 collocarat,
915 2520 983 2562 per
1002 2516 1132 2548 totum
1152 2519 1316 2561 corpus,
1329 2505 1439 2547 initio
1455 2518 1479 2546 a
1497 2503 1601 2546 sum-
