1734 3158
391 236 481 281 114
675 217 1368 266 THUCYDIDIS

384 311 635 377 ἀνέχεσθαι
660 335 738 365 και
764 335 844 378 γην
869 308 1130 383 τεμνομένην,
1160 319 1193 364 εἰ
1226 312 1308 367 δει,
1342 307 1538 385 ὁρωντας,
1581 310 1662 366 κοὶι

385 391 506 443 ἄλλο
525 389 788 453 πάσχοντας
808 387 850 444 ὁ,
871 413 910 440 τι
931 385 983 441 αν
1001 390 1234 459 ξυμβαίνῃ
1255 389 1427 450 ἐξελθεῖν
1442 411 1488 441 τε
1504 387 1662 459 μηδένα

383 465 466 523 ἔτι,
494 471 608 518 ἀλλ’
634 462 724 517 απο
753 466 825 518 τοῧ
847 470 1012 528 τείχους
1034 465 1390 537 ἀποκρινασθαι,
1409 456 1525 518 [Οτι
1550 464 1658 516 αδύ-

383 565 494 597 νατα
521 547 656 605 σφισι
683 544 809 594 ποιεῖν
835 543 943 593 ἐστιν
967 542 1002 592 οὶ
1028 540 1365 631 Λακεδαιμονιοι
1390 542 1657 632 προκαλουν-

381 643 470 673 ται.
495 618 551 677 ὡς
577 610 623 669 δε
649 622 947 713 ἀπεκρίναντο,
963 618 1129 669 ἒντεῧθεν
1152 610 1200 677 δη
1222 640 1381 690 πρωτον
1402 640 1478 689 μεν
1497 640 1538 676 ες
1562 639 1659 671 επι-

384 699 614 770 μαρτυρίαν
634 717 711 747 και
733 692 849 746 θεων
870 715 949 744 και
970 692 1104 784 ἧρωων
1121 716 1200 745 των
1219 694 1435 764 ἐγχωρίων
1452 693 1658 785 Ἀρχίδα-

384 797 464 842 μος
487 776 506 822 ὁ
528 768 749 832 βασιλευς
763 765 973 830 κατέστη,
995 765 1138 834 λέγων
1152 763 1244 820 ὧδε·
1264 767 1417 820 Θεοι
1391 792 1477 820 οσ-οι
1486 791 1572 863 γην
1588 793 1660 832 την

385 843 712 902 Πλαταιιδα
686 867 829 909 εχετε,
850 867 929 896 και
955 840 1096 918 ἥρωες,
1118 841 1374 917 ξυνίστορές
1363 866 1458 896 εστε
1483 843 1543 897 ὅτι
1565 843 1658 898 οὗτε

384 949 455 987 την
471 915 603 1017 ἀρχην
618 922 806 980 ἀδίκως’
794 920 1047 973 εκλιπόντων
1063 919 1186 973 τωνδε
1208 943 1392 1012 προτερον
1406 945 1453 972 το
1466 921 1657 1007 {umm-

382 1025 469 1057 τον,
493 997 563 1052 ὲπι
585 1022 662 1064 γην
682 997 796 1059 τῆνδε
823 995 1056 1068 ἦλθομεν,’
1046 1019 1082 1050 εν
1099 997 1122 1063 ᾖ
1142 1002 1176 1048 οἱ
1194 1019 1375 1069 πατερες
1393 996 1509 1068 ἡμων
1529 997 1656 1061 εὐξα-

384 1100 497 1148 μενοι
516 1078 611 1148 ὗμιν
627 1072 822 1136 Μηδων’
811 1095 1067 1147 εκρατησ-αν,
1084 1097 1163 1126 και
1178 1095 1424 1146 παρεσχετε
1439 1067 1566 1135 αὐτην
1587 1077 1656 1126 εὐ-

383 1176 484 1225 μενη
464 1150 859 1217 εναγωνίσ-αοτθαι
872 1153 953 1208 τοῖς
954 1142 1185 1211 Έλληο-ιν
1202 1148 1292 1202 οὔτε
1305 1149 1368 1202 νῧν
1378 1186 1390 1205 ,
1409 1147 1452 1211 ἦν
1467 1174 1507 1202 τι
1519 1173 1654 1202 ποιω-

386 1253 486 1302 μεν,
508 1225 774 1298 αδικησομεν.
800 1225 1174 1300 προκαλεσαμενοι
1204 1249 1298 1293 γαρ
1315 1222 1479 1278 πολλα
1496 1249 1574 1279 και
1594 1233 1653 1279 εἶ-

383 1328 516 1361 κοτα,
548 1329 591 1356 ου
616 1324 904 1372 τυγχανομεν.
932 1301 1229 1374 ξυγγνώμονες
1254 1299 1338 1354 δε
1327 1324 1444 1358 εστε,
1478 1327 1550 1364 της
1575 1325 1654 1392 μεν

384 1383 554 1439 αδικίας
579 1379 862 1444 κολαζεσθαι
887 1402 969 1437 τοις
994 1378 1237 1470 ὑπαρχουσι
1261 1374 1485 1451 προτέροις,
1510 1402 1580 1441 της
1606 1369 1653 1431 δε

378 1464 582 1531 τιμωρίας
599 1477 832 1522 τυγχανειν
849 1457 931 1514 τοῖς
950 1451 1195 1526 ἐπιφέρουσι
1220 1461 1417 1528 νομίμως.

376 1617 466 1647 ante
486 1604 579 1645 suos
595 1603 734 1645 oculos
751 1601 912 1651 vastari,
930 1602 960 1643 fi
973 1602 1120 1645 necesse
1133 1602 1226 1644 effet
1237 1635 1249 1654 ,
1271 1603 1314 1644 &
1329 1601 1523 1658 perferre,
1542 1601 1650 1657 quid-

375 1674 472 1730 quid
485 1673 586 1715 aliud
602 1673 828 1726 contingere
842 1670 986 1727 poffet:
1008 1685 1082 1713 nec
1097 1684 1336 1726 quemquam
1357 1670 1522 1725 amplius
1536 1671 1648 1712 emit-

373 1756 456 1786 tere
469 1775 482 1795 ,
502 1743 565 1785 sed
590 1757 639 1785 ex
662 1743 781 1784 muris
805 1741 1060 1797 respondere,
1083 1742 1124 1796 se
1145 1758 1214 1783 non
1230 1741 1322 1795 pff
1339 1740 1454 1795 fizcere
1476 1758 1539 1792 ea,
1560 1757 1646 1796 quae

375 1832 400 1855 a
420 1815 697 1855 Lacedaemoniis
715 1814 925 1868 petebantur.
951 1811 1056 1853 Cum
1077 1822 1207 1852 autem
1226 1811 1303 1852 hoc
1323 1809 1549 1865 responsum
1571 1809 1648 1852 illis

374 1885 557 1927 dedifl'ent
568 1900 581 1935 3
613 1896 706 1926 tunc
737 1896 839 1924 vero
870 1896 940 1924 rex
965 1883 1222 1924 Archidamus
1254 1884 1423 1938 primum
1458 1881 1572 1924 Deos
1602 1883 1646 1924 &

377 1952 521 1994 heroiis
543 1953 741 2006 indigenas
766 1950 973 1993 contestari
995 1952 1151 2006 coepit,
1174 1951 1232 1992 his
1252 1951 1402 1993 verbis:
1425 1952 1521 2000 Dii,
1540 1964 1647 2006 quot-

373 2037 457 2079 quot
474 2026 551 2076 agri
575 2024 787 2077 Plataeenfis
803 2025 973 2076 praesides
991 2022 1068 2077 estis
1080 2053 1094 2070 ‚
1112 2023 1147 2062 6·
1171 2025 1284 2064 heroes
1295 2054 1308 2073 ,
1328 2025 1421 2078 testes
1442 2025 1538 2078 estote
1551 2052 1564 2073 ,
1585 2039 1647 2064 ne·

375 2108 438 2147 que
453 2094 601 2146 primum
613 2123 624 2141 ‚
643 2107 719 2132 cum
740 2093 793 2146 isti
808 2091 988 2144 societatis
1005 2093 1240 2132 iusiurandum
1253 2092 1354 2146 prius
1375 2091 1559 2141 violarint,
1577 2105 1644 2133 nos

373 2164 412 2203 in
442 2164 534 2204 hunc
559 2176 679 2216 agrum
706 2163 824 2216 iniuste
848 2161 998 2214 venzffe,
1031 2163 1068 2201 in
1098 2177 1164 2216 quo
1181 2174 1300 2214 patres
1328 2163 1429 2216 nostri
1450 2162 1531 2216 post
1557 2173 1644 2203 vota

371 2232 473 2272 vobis
490 2245 708 2286 nuncupata,
728 2233 856 2272 Medos
874 2231 1103 2285 fitperarunt,
1125 2231 1162 2271 G·
1181 2246 1276 2286 quem
1293 2231 1438 2272 Graecis
1460 2231 1642 2286 benignum

364 2299 570 2353 praebuistis
583 2328 595 2347 ‚
615 2300 707 2339 utin
730 2315 769 2340 eo
789 2301 1009 2340 dimicarent:
1041 2315 1143 2354 neque
1161 2316 1273 2349 nunc,
1290 2303 1330 2354 fi
1345 2302 1431 2354 quid
1438 2300 1641 2354 fhciamus,

369 2385 435 2409 nos
454 2369 572 2422 iniuste
589 2367 756 2421 fizbluros.
784 2385 864 2410 nam
882 2384 958 2409 cum
982 2368 1134 2417 multas,
1151 2370 1340 2424 aequasque
1356 2372 1566 2412 conditiones
1577 2366 1640 2412 οό-ἱ

371 2438 679 2485 tulerimus‚¹nihil
694 2439 740 2477 ab
759 2438 832 2478 illis
856 2440 1032 2492 impetrare
1047 2440 1238 2491 potuimus.
1265 2441 1375 2494 Testes
1392 2439 1499 2494 igitur
1518 2442 1637 2494 ¹estote,

372 2505 455 2547 illos
481 2505 635 2561 quidem,
661 2506 720 2561 qui
747 2522 811 2547 nos
835 2507 970 2548 iniuriis
998 2518 1252 2560 provocarunt,
1273 2521 1339 2562 pro
1363 2505 1500 2548 iniuriis
1525 2507 1638 2548 illatis
1702 2514 1714 2526 ²
