1734 3158
333 174 432 240 ⁷456
534 170 1412 220 'ANNOTATIONES

262 308 264 310 ,
334 261 464 304 Rhod.
512 291 522 302 .
546 261 613 314 78.
634 260 770 315 Lyfias
789 261 891 316 apud
916 260 970 301 D.
1000 260 1198 302 Halicarn.
1221 274 1291 317 145
1315 258 1407 303 ου’ἒὲ
1427 260 1602 305 πώποτ’.

336 275 567 371 Xenoplion
594 330 690 371 135,
715 330 789 369 194
808 312 890 356 osss’
908 313 1038 355 ὁτιοῦν.

389 374 466 411 ead.
494 371 519 410 l.
545 384 605 411 ιο.
626 369 1001 423 Ξυμβεβονιὲῑηκέναι)
1018 368 1333 420 Ξυμβεβοηκέναι.
1354 369 1490 424 Rostg.

393 429 470 466 ead.
493 426 518 465 I.
542 438 601 466 12.
627 423 793 465 Δοκοῦσι
817 424 861 464 δ’
886 423 919 463 οἱ
942 423 1184 478 Ἀκαρνᾶνες)
1198 423 1338 464 Pollux
1358 423 1397 472 Ι,
1426 437 1520 477 150:
1545 413 1604 466 ⁶3-

339 477 489 531 ὃόκιμα
508 477 554 518 ss
577 501 623 509 —
648 477 835 528 ‹rowavn
850 476 1102 532 Ἀκαρνάνων,
1126 477 1296 519 ἀκόντιον
1314 477 1526 519 Αἰτωλικόν.
1545 479 1608 519 Li·

340 533 446 588 psius
461 533 521 574 IV
542 532 743 574 Poliorcet.
766 547 788 572 2
803 531 951 581 scribit,
969 531 1165 572 Pollucem
1182 531 1447 573 Acarnanibus
1463 531 1608 574 tribue-

341 600 386 629 re
401 587 668 628 inventionem
690 585 842 627 fundae.
864 587 955 627 Hoc
969 598 1050 626 non
1070 587 1192 640 magis
1212 599 1261 626 ex
1282 586 1342 627 his
1365 586 1495 627 verbis
1511 599 1607 628 con·

341 641 409 683 fici
430 640 580 696 potest,
595 654 717 695 quam
740 640 832 695 quia
846 640 987 681 ibidem
1006 640 1107 679 inter
1130 636 1318 693 εὐὲὃκιμα
1337 641 1456 681 etiam
1475 653 1609 681 recen·

342 695 475 736 sentur
493 695 621 748 θώραξ
640 693 927 747 Ἀττικουργῗις,
947 692 1078 748 κράνος
1097 693 1373 748 Bam-munke,
1389 692 1508 735 ἀσπὶς
1526 696 1610 748 Ἀρ-

345 748 491 803 γολικὺ
504 778 516 797 ,
532 750 577 790 δι
600 748 676 788 alia
687 780 699 798 ‚
713 761 851 788 omnes
876 747 963 788 illos
981 746 1149 801 populos
1167 760 1301 789 earum
1319 761 1450 789 rerum
1472 749 1611 789 inven—

343 814 453 845 tores
473 801 586 843 fuisse
597 802 687 852 ,vel
704 802 753 842 iis
776 814 798 842 a
814 801 971 842 Polluce
990 802 1256 842 inventionem
1274 815 1407 842 earum
1424 801 1612 856 affignari.

402 857 497 910 Pag.
524 869 610 908 130.
630 857 653 895 l.
681 870 712 897 1.
733 854 939 911 Στράτου)
961 855 1200 896 Acarnaniae
1220 855 1315 896 dicit
1335 855 1410 896 effe
1431 870 1523 897 cum
1541 870 1612 896 no-

345 909 450 959 stro,
474 911 517 952 &
538 911 663 951 Plinio
685 909 762 959 IV,
789 924 805 950 1
819 942 834 958 ‚
854 909 1084 964 Stephanus.
1106 908 1288 950 Aetoliae
1308 910 1444 950 Livius
1462 910 1614 958 XLffl,

347 978 417 1006 21.
436 964 566 1019 Steph.
589 963 704 1018 supra
724 965 914 1017 Στράτιον
940 962 1055 1004 πόλις
1084 963 1338 1018 Ἀκαρνανίας.
1361 964 1432 1004 ubi
1456 963 1612 1004 fortasse

347 1018 576 1074 legendum,
611 1018 779 1071 Στρατίνι
813 1017 928 1058 πόλις
958 1016 1175 1071 Ἀρκαδίας.
1209 1017 1325 1058 Hanc
1351 1017 1614 1059 coniecturam

349 1072 507 1113 firmant
542 1073 741 1114 Homerus
765 1071 811 1112 11.
838 1072 887 1120 β’,
923 1082 991 1123 301
1009 1102 1022 1121 ‚
1046 1069 1288 1124 Hesychius,
1318 1071 1485 1112 Nonnus
1513 1071 1622 1112 Dio--

349 1126 440 1180 nys.
466 1126 575 1168 XIII.
594 1140 628 1181 p.
655 1126 752 1179 368‚
772 1125 817 1166 &
837 1125 1055 1167 Pausanias.
1072 1125 1276 1166 Diodorus
1296 1125 1416 1166 XIX:
1436 1125 1620 1166 Πεισθέν.

349 1195 426 1222 των
447 1180 495 1221 ἓὲ
513 1181 587 1222 τῶν
605 1182 847 1233 Ἀκαρνάνων,
869 1179 902 1220 οἱ
921 1179 1103 1220 ’πλεῖστοι
1119 1179 1190 1230 μὲν
1212 1179 1266 1219 εἰς
1285 1183 1615 1221 ΣΤΡΑΤΟΠΟΛΙΝ

353 1233 575 1286 συνῴκησαν
597 1265 609 1285 ,
640 1233 893 1288 ὀχυρωτάτην
929 1228 1044 1274 οὖσαν
1063 1261 1075 1281 ,
1109 1233 1175 1272 καὶ
1211 1232 1417 1287 μεγίστην.
1447 1232 1620 1288 Repono

353 1289 529 1343 Στράτον
551 1289 673 1330 πόλιν.
708 1288 878 1329 Eandem
902 1288 1039 1328 urbem
1062 1286 1302 1337 validgffimam
1327 1297 1451 1328 vocat
1470 1288 1619 1328 Livius.

356 1343 462 1383 Mox
487 1341 669 1384 Οἰνιάὸων
692 1342 857 1389 restim,
875 1355 994 1396 quam
1012 1340 1219 1382 Οἰνιαὸὦνε
1235 1353 1324 1381 nam
1348 1340 1388 1390 I,
1417 1355 1432 1381 1
1445 1354 1487 1380 11
1511 1340 1566 1382 est
1582 1341 1622 1382 ἐς

355 1395 558 1438 Οἰνιάδας.
579 1399 727 1438 WAss.
748 1396 814 1437 De
839 1396 971 1436 Strato
991 1395 1153 1435 Palmer.
1175 1393 1231 1435 ΙΙΙ
1250 1394 1392 1436 Graec.
1417 1395 1510 1436 Ant.
1532 1409 1566 1450 5.

412 1455 488 1492 ead.
511 1453 535 1490 l.
561 1450 599 1491 8.
619 1450 820 1505 Κρισαίου)
852 1449 1049 1504 Κρισσαίου
1076 1447 1287 1503 Sophocles
1307 1448 1438 1504 Steph.
1463 1463 1501 1503 p.
1534 1461 1622 1499 114.

355 1504 528 1559 Κρισαίου
560 1505 800 1546 Herodotus.
824 1503 970 1543 κόλπου
996 1503 1210 1557 Stephanus
1233 1502 1364 1544 mallet
1393 1502 1538 1552 abesse,
1560 1502 1626 1543 sed

357 1558 578 1613 agnoscunt
629 1559 777 1613 lerique
803 1557 982 1600 Codices.
1008 1557 1098 1599 Vid.
1119 1570 1214 1598 mox
1233 1571 1268 1599 c.
1290 1556 1356 1598 86.
1382 1558 1530 1599 WAss.
1558 1557 1626 1599 De

357 1613 563 1669 Κρισσαῖος
584 1573 628 1654 ἕ
647 1612 823 1667 Κρισαῖος
844 1611 900 1653 est
919 1612 969 1653 ad
988 1611 1029 1660 Ι,
1057 1624 1143 1665 107.

414 1668 509 1722 Pag.
544 1679 631 1720 ¹31·
657 1668 682 1708 I.
713 1682 746 1707 2.
768 1661 958 1721 '‘Evaeov)
985 1665 1193 1706 Ἐτέπλεον
1221 1664 1321 1706 bene
1351 1665 1508 1720 quidam
1534 1665 1624 1707 Mff.

359 1721 508 1764 WAss.
530 1721 673 1763 Eadem
689 1719 885 1764 diverfitas
904 1718 1134 1774 scripturae,
1181 1733 1253 1760 uae
1275 1720 1338 1760 hic
1356 1720 1412 1760 est
1430 1720 1476 1759 in'
1485 1719 1545 1760 his
1559 1720 1626 1760 ἐπὶ

359 1775 596 1830 ναυμαχία,
617 1776 734 1816 etiam
751 1774 865 1830 supra
879 1775 1046 1816 occurrit
1068 1774 1114 1823 I,
1133 1734 1197 1824 «ὦ.
1216 1774 1284 1814 ubi
1306 1774 1384 1814 vid.
1415 1773 1543 1827 Steph.

417 1834 492 1871 ead.
515 1831 540 1870 l.
560 1830 598 1870 8.
618 1830 680 1870 Ἐκ,
701 1827 887 1883 Πατρῶν)
911 1829 1016 1869 Urbs
1037 1828 1133 1869 haec
1157 1841 1207 1869 ex
1232 1826 1375 1881 septem
1403 1830 1510 1881 pagis
1531 1840 1629 1868 con-

364 1883 456 1925 flata
479 1883 555 1934 est,
573 1883 698 1939 inquit
714 1883 856 1924 Strabo
881 1882 1000 1931 vlu,
1024 1895 1111 1937 519.
1129 1881 1335 1923 Conditam
1358 1893 1496 1922 narrat,
1511 1880 1631 1922 Euse⁴

364 1939 452 1979 bius
469 1939 520 1979 A.
543 1938 601 1979 M.
624 1951 743 1993 2907,
763 1948 852 1978 ante
872 1936 1071 1978 Christum
1094 1949 1207 1986 1041.
1228 1935 1294 1976 De
1313 1935 1461 1989 origine
1479 1936 1539 1976 adi
1561 1948 1631 1976 an-

364 2002 406 2034 te
429 1992 560 2033 omnia
582 1992 804 2033 Pausaniam
827 1990 932 2038 VII,
951 2005 989 2046 p.
1017 1988 1102 2044 568.
1125 1989 1205 2030 ἀπό
1228 2003 1326 2030 τινος
1350 1987 1530 2043 Πατρέως
1555 2002 1631 2030 no-

366 2059 458 2087 men
481 2047 632 2088 deducit
654 2046 869 2101 Stephanus
886 2044 1105 2086 Pausaniam
1129 2043 1304 2094 secutus,
1323 2044 1365 2084 δι
1386 2043 1527 2097 gentile
1547 2044 1632 2083 uni-

366 2114 458 2143 cum
482 2100 656 2155 Πατρεὺς
680 2098 864 2154 agnoscit.
884 2096 1176 2153 Theophrastus
1199 2097 1296 2139 Hist.
1319 2097 1440 2138 Plant.
1462 2095 1520 2138 IX
1549 2102 1632 2137 Πα-

369 2170 397 2194 τ
420 2154 498 2195 ιιιὴν
529 2155 576 2195 de
605 2168 701 2209 agro
726 2153 920 2203 Patrensi,
944 2163 988 2194 ut
1017 2152 1174 2192 videtur
1190 2182 1203 2200 ‚
1229 2150 1437 2206 usurpavit.
1462 2150 1634 2202 Πατρέες

370 2172 626 2258 llerodoms,
651 2210 694 2250 &
713 2207 841 2249 noster
864 2207 954 2248 alibi
977 2207 1159 2259 Πατρέως
1182 2205 1341 2246 ἔπεισεν.
1361 2204 1480 2245 Numi
1497 2203 1631 2258 paffim

370 2266 600 2301 ΠΑΤΡΕΩΝ.
627 2262 673 2302 In
695 2275 778 2303 uno
809 2261 1027 2302 Domitiani
1059 2259 1159 2313 apud
1189 2261 1398 2311 Motraye,
1426 2257 1548 2298 COL.
1579 2258 1635 2299 A.

372 2315 425 2357 A.
451 2316 706 2357 PATRENS.
734 2317 847 2357 Hanc
868 2316 970 2356 enim
994 2314 1190 2356 civitatem
1223 2313 1329 2354 bellis
1352 2312 1520 2352 attritam
1549 2311 1636 2352 Au-

400 2368 508 2410 ustus
538 2369 792 2418 instauravit,
823 2369 1066 2423 Dymenque
1095 2367 1335 2407 Patrensibus
1367 2366 1554 2406 attribuit.
1587 2366 1637 2405 Et

373 2382 529 2466 {errasse
563 2423 610 2464 de
643 2423 715 2465 hac
743 2422 912 2469 eiusdem
943 2422 1202 2463 renovatione
1232 2420 1350 2461 intelli
1378 2419 1497 2460 endus
1525 2419 1639 2459 locus
1725 2423 1731 2458 ὲ

374 2477 579 2520 Strabonis
593 2476 708 2533 supra
726 2477 923 2520 adductus.
943 2478 996 2520 V.
1012 2475 1167 2517 Pausan.
1189 2489 1227 2530 p.
1251 2476 1335 2530 564.
1378 2474 1450 2515 nde
1469 2472 1642 2515 Colonia
1726 2491 1734 2529 ,j
