1734 3158
393 223 492 274 288
690 225 1376 274 THUCYDIDIS

397 322 571 384 ἔχοντ-ων
597 321 815 412 πρόφασιν
829 359 841 378 ,
873 322 960 374 οὐδ’
990 322 1162 393 ἑτοίμων
1192 325 1472 394 παρακαλεῖν
1499 322 1662 413 αὐτους

394 395 720 468 πολεμουμένων
749 393 820 454 δε,
850 421 930 450 και
957 399 1272 470 ξυμμαχίας’
1256 421 1363 470 αμα
1389 396 1594 472 ἑκατέροις
1617 403 1668 464 τῇ

394 498 471 526 των
492 476 675 527 ἐναντίων
697 496 915 530 nomam-ec,
935 497 1013 526 και
1033 479 1187 537 σ-φίο-ιν
1206 478 1352 533 αὐτοῖς
1367 478 1417 526 ἐκ.
1438 498 1510 527 του
1533 477 1663 528 αὐτοῦ

393 572 691 622 προσ-ποιησει,
721 550 870 623 ῥαδίως
899 556 946 602 αἱ
973 549 1222 615 ἐπαγωγαι
1251 554 1333 609 τοῖς
1362 556 1590 622 νεωτερίζειν
1618 575 1661 603 τι

392 623 664 716 βουλομένοις
683 628 914 697 ἐπορίζοντο.
932 648 1010 677 και
1028 623 1215 679 ἐπέπεσε
1233 624 1396 680 πολλα
1413 648 1491 679 και
1513 639 1664 691 χαλε-

392 726 467 754 πα
485 699 610 753 κατα
629 724 783 753 στασ-ιν
800 704 897 759 ταῖς
915 700 1075 754 πόλεσι
1086 739 1098 758 ,
1121 701 1362 773 γιγνόμενα
1379 725 1454 774 μεν
1466 741 1477 759 ,
1497 727 1572 756 και
1592 725 1662 755 αει

392 778 596 847 ἒσ-ὄμενα,
614 773 691 835 ’ἕως
717 800 768 829 αν
788 779 810 839 ἦ
831 771 940 838 αὐτη
961 774 1096 839 <Duo-13
1113 779 1378 850 ὦνθρῶπων’
1353 803 1398 844 n,
1418 782 1596 849 μαλλον
1616 770 1664 831 δε

390 878 473 907 και
491 857 782 925 ἡσυχαιτερα,
813 876 890 904 και
915 856 999 911 τοῖς
1024 853 1146 906 εἶδεσι
1173 852 1555 926 διηλλαγμενα,
1529 879 1584 914 ως
1609 850 1662 907 αν

391 926 582 983 ἕκασται
602 935 650 981 αἱ
669 925 928 999 μεταβολαι
956 953 1035 982 των
1062 929 1287 994 ξυντυχιων
1316 931 1593 994 ἒφιστωνται.
1622 933 1660 983 ἐν

389 1029 464 1077 μεν
491 1029 584 1073 ’γαρ
611 1003 730 1077 εἰρηνη
756 1028 834 1057 και
864 1008 1048 1070 αγαθοῒς
1073 1028 1342 1099 πραγμασιν
1366 1008 1420 1058 αἵ
1438 1029 1484 1059 τε
1509 1006 1661 1065 πόλεις
1725 1051 1726 1054 ,

389 1106 467 1135 ml
492 1088 525 1134 οἱ
548 1080 750 1133 ιῶωτῶέ
728 1103 919 1151 ώμξίνους
937 1104 1019 1140 Τῶς
1039 1103 1223 1172 γνωμας
1246 1105 1417 1146 έχουσι,
1439 1080 1565 1134 διώ
1525 1106 1571 1135 ΤΟ
1592 1107 1657 1169 μη

387 1161 430 1216 ἐς
452 1162 673 1216 ακουσίους
697 1179 906 1222 αναγκας
933 1163 1116 1211 πίπτειν·
1145 1162 1164 1209 ὁ
1185 1151 1230 1210 δε
1247 1158 1462 1229 πόλεμος,
1483 1151 1659 1224 ὑφελων

388 1239 458 1295 τὴν
484 1237 673 1326 εὐπορίαν
690 1233 762 1285 τοῧ
785 1236 884 1286 καθ’
906 1230 1081 1326 ἦμεραν,
1101 1235 1247 1296 βίαιος
1273 1234 1557 1293 διδασκαλος,
1578 1257 1658 1287 και

387 1335 490 1383 προς
509 1333 572 1363 τα
588 1331 784 1384 παροντα
801 1331 884 1367 τας
901 1306 1035 1383 ὄργας
1057 1334 1135 1363 των
1152 1324 1332 1364 πολλων
1354 1314 1495 1382 ὁμοιοῖ.
1524 1313 1655 1363 ἐστα-

386 1466 439 1506 rei
461 1464 700 1521 peragendae
718 1463 924 1519 speciosam
951 1465 1101 1507 causam
1129 1465 1364 1507 habuissent:
1394 1479 1466 1507 nec
1484 1465 1531 1506 ad
1554 1465 1658 1520 ipsos

386 1536 629 1578 arcessendos
652 1537 750 1578 adeo
772 1539 918 1593 promti
939 1538 1107 1580 fuissent:
1127 1538 1232 1579 bello
1244 1550 1345 1579 vero
1359 1548 1524 1585 coorto,
1543 1535 1659 1590 utris-

383 1619 464 1660 que
477 1637 490 1656 ,
523 1605 591 1659 qui
613 1618 746 1646 rerum
766 1620 962 1648 novarum
981 1618 1091 1648 erant
1110 1607 1259 1662 cupidi,
1281 1606 1392 1647 facile
1413 1606 1576 1647 dabatur
1589 1618 1658 1646 oc-

382 1677 486 1718 cafio
508 1677 552 1718 &
577 1676 738 1718 facultas
763 1678 972 1720 arcessendi
1000 1678 1126 1720 socios
1156 1677 1383 1726 auxiliares,
1406 1690 1451 1718 ut
1475 1676 1587 1717 simul
1611 1676 1656 1717 &

383 1747 582 1790 adversam
601 1746 811 1790 factionem
823 1750 1110 1803 opprimerent,
1125 1749 1168 1789 &
1179 1748 1320 1789 exinde
1336 1748 1551 1802 potentiam·
1565 1746 1656 1787 fibi-

380 1830 460 1860 met
480 1831 761 1874 compararent.
775 1820 825 1860 Et
837 1820 982 1862 multae
1000 1834 1148 1875 eaeque
1164 1833 1304 1874 graves
1319 1819 1552 1861 calamitates
1564 1832 1655 1874 pro-
1689 1843 1692 1847 <

379 1899 466 1942 pter
488 1887 714 1929 seditionem
736 1888 962 1929 civitatibus
993 1889 1238 1939 acciderunt,
1263 1901 1364 1943 quae
1390 1889 1560 1930 accidere
1590 1887 1654 1929 so-

317 1950 320 1955 ’
378 1958 478 2008 lent,
505 1957 548 1998 δι
570 1956 720 2013 semper
746 1959 941 2009 accident,
973 1958 1104 2014 quoad
1127 1959 1259 1999 eadem
1283 1958 1487 1999 hominum
1511 1967 1653 2000 natura

376 2025 516 2066 fuerit:
546 2024 611 2067 sed
633 2035 763 2066 tamen
783 2025 850 2067 vel
880 2027 1105 2080 graviores,
1131 2026 1198 2069 vel
1225 2026 1422 2077 leviores,
1445 2027 1488 2068 &
1509 2039 1652 2081 genere

377 2094 551 2137 diversae
564 2127 578 2146 ‚
608 2105 728 2151 prout
762 2094 932 2149 smgulae
959 2107 1091 2136 rerum
1126 2093 1384 2148 fortunaeque
1416 2085 1652 2136 mutationes

375 2165 621 2219 contigerint.
638 2178 730 2205 nam
749 2165 787 2204 in
808 2177 906 2219 pace
929 2163 1085 2218 quidem
1107 2163 1149 2204 δι
1167 2176 1299 2204 rerum
1323 2161 1575 2205 secundarum
1593 2163 1652 2207 af-

373 2234 563 2284 fluentia,
589 2248 679 2276 cum
706 2233 808 2289 ipsae
829 2236 1031 2284 civitates,
1056 2245 1141 2276 tum
1163 2235 1280 2275 etiam
1305 2234 1482 2276 homines
1506 2236 1651 2291 privati

373 2315 522 2346 mentes
544 2306 691 2346 habent
713 2306 894 2347 meliores
907 2338 920 2357 ‚
946 2306 1055 2361 quod
1071 2306 1111 2346 in
1129 2305 1280 2346 odiosas
1305 2305 1542 2349 neceffitates
1566 2320 1650 2349 non

373 2374 556 2416 incidant.
576 2374 730 2415 Bellum
749 2388 872 2424 vero,
902 2374 1116 2416 subducens
1134 2375 1322 2430 paulatim
1342 2388 1472 2418 rerum
1490 2379 1646 2433 copiam

373 2445 421 2486 ad
436 2444 710 2500 quotidianum
725 2445 831 2486 vitae
851 2444 962 2486 usum
984 2444 1256 2497 necessarium,
1272 2446 1471 2488 violentus
1490 2447 1546 2489 est
1564 2461 1647 2488 ma-

372 2517 510 2573 gister,
532 2515 578 2558 &
602 2515 651 2558 ad
671 2515 908 2571 praesentem
939 2530 1074 2561 renun
1096 2516 1236 2561 statum
1266 2518 1483 2561 multorum
1511 2532 1646 2563 mores

1717 1514 1734 1870 ==·a.ssmm.flff1.
1729 1454 1734 1492 ...a
1731 1423 1734 1427 ,
1731 1386 1734 1387 ,
1729 1359 1732 1362 ,
1732 1326 1734 1328 .
1732 1279 1734 1282 .

1707 2286 1723 2378 ’.κήκιε-
1705 2179 1727 2274 -θι-ιςξ,
