1734 3158
373 224 474 286 ῃε
585 219 1456 269 ANNOTATIONES

429 310 504 347 ead.
531 308 559 347 ’1.
589 321 623 362 5.
647 306 706 357 Τῷ
727 306 983 362 παραχρῆμα,
1004 307 1239 361 περιχαρεῖ)
1260 308 1476 363 Stephanus
1495 309 1535 349 in
1557 310 1650 350 Art-'-
1678 330 1682 334 ·

374 373 498 402 notat.
529 359 605 402 suis
629 361 813 402 leetorem
850 362 1011 403 remittit
1042 363 1089 402 ad
1117 375 1185 410 ea,
1214 376 1316 416 quae
1339 364 1379 402 in
1409 377 1532 417 marg.
1561 364 1652 404 edit.

373 414 466 456 suae
488 414 560 456 sec.
587 415 722 470 scripta
747 415 854 456 sunt:
888 416 956 456 ubi
986 416 1081 455 haec
1109 415 1314 469 leguntur:
1334 417 1503 458 Videtur
1525 416 1649 458 deess'e

374 469 610 524 praepositio
640 472 732 522 πρὶς
747 499 759 517 ,
782 480 852 510 aut
878 469 1009 510 relieta
1039 469 1114 510 effe
1137 470 1395 511 subaudienda
1427 472 1562 525 (quod
1588 482 1650 510 ta-

374 537 466 564 men
517 536 640 564 raeter
667 522 986 564 consuetudinem
1015 523 1137 571 effet)
1163 535 1251 565 ante
1278 523 1335 574 τῷ
1367 523 1648 578 παραχρῆμα,

374 577 455 619 hoc
500 577 614 618 ensu:
650 577 735 616 Tum
768 593 846 617 vero
874 579 940 631 ipsi
955 591 1086 631 praeter
1111 580 1274 629 gaudium
1287 609 1299 628 ‚
1321 582 1414 631 quod
1434 581 1471 618 in
1483 579 1649 632 praefins

368 632 622 686 percipiebant,
644 633 744 670 etiam
767 631 873 670 levem
903 635 1074 685 quandam
1084 632 1178 684 spem
1198 633 1235 671 in
1260 633 1421 686 posterum
1455 633 1663 682 habebant,

363 688 407 738 se
430 690 490 725 'nec
512 687 557 724 ab
586 685 656 725 ullo
678 685 750 724 alio
785 686 897 725 morbo
922 685 999 725 &c.
1022 685 1101 725 Vel
1131 686 1285 739 potius,
1314 701 1444 726 vanam
1473 690 1649 739 quandam

364 740 461 793 spem
485 741 521 800 ¹⁹3
553 741 638 793 post.
666 737 792 778 Aliter
823 748 954 778 tamen
986 737 1113 778 Schol.
1140 737 1316 780 Graecus
1340 740 1484 781 vocab.
1510 740 1648 790 κούφην
1692 743 1696 745 ”

372 803 561 847 expomt,
579 791 686 846 quasi
707 792 759 831 ita
782 802 954 832 vocetur
975 792 1024 831 ab
1044 790 1202 832 effeetu:
1228 791 1290 833 sed
1311 795 1471 846 poetico
1496 806 1519 833 e
1547 794 1647 836 ithe-¹

371 856 417 887 to
441 847 564 900 magis
583 846 821 886 conveniens
847 845 938 886 effet
956 846 1040 885 eius
1061 845 1263 899 expofitio.
1290 847 1400 888 Haec
1423 808 1544 902 Stepl:

427 904 502 940 ead.
527 902 551 940 l.
583 914 638 940 11.
659 894 757 952 ’Ὡρᾳ
775 899 899 953 ἔτους)
920 898 1001 939 Nifi
1022 910 1267 954 compertum
1285 899 1396 949 effer,
1423 897 1450 940 ὅ
1474 916 1518 941 σιν
1542 900 1647 956 apud

373 953 551 995 Graecos
568 953 779 1008 significare
800 952 1001 994 fervorem
1023 952 1195 1001 aestatis,
1209 958 1281 1006 (ut
1295 953 1408 995 docet
1465 954 1591 996 asaub.
1607 957 1648 995 in

373 1009 644 1057 Athenaeum,
669 1022 706 1061 p.
738 1020 855 1074 ξ1ς9,Ν
868 1007 991 1061 980.)
1017 1006 1169 1047 mallem
1195 1020 1285 1048 cum
1315 1008 1489 1049 Meurfio
1520 1009 1650 1064 legere

373 1059 450 1115 ὥρᾳ
474 1066 624 1115 δέρους,
644 1072 714 1123 aut
737 1076 812 1114 ωρᾳ
832 1062 938 1115 ἦρος,
969 1074 1047 1113 qua
1070 1060 1198 1115 phrasi
1216 1062 1339 1102 utitur
1362 1061 1557 1116 Aristoph.
1578 1064 1651 1103 Vi·

372 1116 421 1156 de
436 1116 530 1157 Fab.
545 1115 749 1156 Paulinum
771 1129 808 1170 p.
838 1128 924 1170 5¹0·
946 1114 1294 1156 Huns.Meurs1us
1313 1116 1367 1157 V.
1388 1115 1559 1157 Lefflon.
1578 1118 1648 1157 At·
1727 1121 1734 1162 j

373 1171 483 1210 ticar.
513 1171 562 1211 26
587 1170 678 1224 legit
711 1167 786 1222 ὥρᾳ,
817 1168 969 1222 θέρους,
998 1181 1045 1208 ex
1082 1169 1310 1210 auetoritate
1345 1169 1484 1211 Galeni
1502 1201 1514 1220 ,
1537 1172 1650 1212 cuius

372 1224 470 1264 haec
500 1224 623 1264 verba
653 1221 770 1263 refert
795 1236 844 1263 ex
874 1223 893 1262 1
909 1252 920 1269 ‚
953 1235 970 1275 5
996 1222 1082 1276 ’περὶ
1115 1222 1293 1278 ἐπιφοραῖς
1322 1223 1514 1277 πυρετῶντ
1538 1224 1649 1266 καθά

373 1277 528 1330 <prro-11¹8
556 1276 806 1317 &annosisnr
837 1275 938 1316 ἀλλ’.
965 1276 1001 1316 ἐν
1031 1275 1223 1323 καλύβαις
1252 1276 1459 1331 πνιγηραῖς
1481 1274 1558 1331 ὥρᾳ,
1582 1279 1649 1319 δέ·

372 1346 458 1386 ρους
483 1330 739 1383 ἓιαιτωμένων
759 1330 775 1370 ὃ
801 1328 931 1384 φθόρος
955 1332 1064 1369 κατὰ
1085 1332 1129 1369 τὶ
1158 1329 1273 1382 σῶμα.
1302 1331 1497 1393 ἑγξγνετο.
1519 1331 1594 1372 Sed
1616 1332 1648 1373 fi
1715 1365 1717 1367 .

373 1386 549 1427 Galenus
568 1386 615 1425 ad
638 1385 760 1426 verba
778 1383 1024 1437 Thucydidis
1050 1384 1179 1439 potuit
1201 1385 1338 1426 addere
1359 1384 1445 1434 nlla,
1465 1387 1574 1425 κατὰ
1599 1389 1647 1427 ‘rb

373 1439 513 1491 σῶμα,
539 1441 655 1480 etiam
679 1452 752 1494 pro
776 1435 851 1492 ὥρᾳ,
877 1437 1005 1488 ἔτους,
1024 1438 1131 1491 quod
1154 1439 1195 1478 in
1218 1438 1452 1491 Thucydide
1464 1439 1647 1501 ‘legeram
1716 1455 1719 1460 ⁴

372 1495 505 1548 potuit
531 1493 694 1535 scribere
725 1489 801 1545 ὥρᾳ
819 1491 965 1546 θέρους
989 1492 1100 1554 qnod
1119 1491 1252 1533 eadem
1271 1491 1554 1547 significatione
1571 1494 1647 1535 dici

372 1561 456 1589 non
485 1548 701 1602 ignorabat.
726 1547 775 1588 Et
799 1545 964 1588 fortaflis
991 1556 1106 1586 ettam
1125 1545 1303 1588 consulto
1328 1548 1397 1587 ita.
1412 1546 1482 1588 scri
1510 1546 1578 1598 stt,
1601 1559 1648 1589 ut
1725 1546 1729 1594 ]

372 1602 556 1642 indicaret
587 1603 664 1643 hoc
691 1601 738 1642 de
761 1599 900 1641 aestate
923 1600 1213 1654 accipiendum:
1243 1601 1478 1655 quemadmo
1503 1614 1571 1642 um
1601 1601 1647 1643 &
1716 1603 1728 1651 j

372 1655 564 1698 Plutarch.
592 1656 619 1696 l.
647 1655 684 1695 d.
710 1656 837 1708 δέρους
867 1653 944 1709 ὥρᾳ,
964 1653 1118 1718 ποέλὲξν
1137 1651 1227 1707 ὁμοῦ
1248 1654 1381 1708 χὺἒην
1405 1656 1442 1695 ἐν
1466 1651 1648 1717 οἰκρμασι
1719 1667 1727 1693 ν’

370 1709 519 1765 μικροῖς
540 1709 604 1750 καὶ
626 1709 850 1760 σκηνώμασι
865 1722 1061 1762 πνιγηροις
1078 1707 1377 1762 ηνοιγκσισμένων
1395 1707 1648 1752 stanno-&at-

372 1765 478 1804 Nam
509 1763 659 1826 alioqni
688 1761 764 1817 ὥρα
787 1760 894 1826 {nuc
920 1762 1037 1803 etiam
1065 1762 1111 1802 de
1142 1775 1238 1804 vere
1264 1762 1413 1803 dicitur.
1437 1763 1650 1805 Herodian.

330 1864 333 1866 ,
372 1818 497 1866 VIII,
518 1831 563 1865 4:
586 1832 659 1858 των
682 1819 767 1871 ’γὰρ
792 1815 1060 1870 υπερκειμένων
1082 1815 1169 1869 ὂρῶν
1186 1818 1262 1857 τὰς
1283 1815 1335 1857 s?
1358 1815 1447 1857 ὅλου
1465 1815 1535 1857 τοῦ
1553 1831 1647 1871 χει·-
1719 1835 1731 1853 ·.

315 1872 317 1875 ’
374 1872 495 1923 μῶνος
514 1876 722 1925 ’ταφείσας
734 1870 872 1924 χιόνοις
892 1870 1042 1910 λύουσα.
1061 1866 1080 1911 ἦ
1103 1869 1174 1910 τοῦ
1188 1869 1295 1911 ἔτους
1319 1869 1419 1924 ὅροι,
1443 1870 1465 1910 i.
1491 1883 1526 1911 e.
1546 1884 1644 1922 ver,

371 1939 456 1980 quo
483 1925 598 1966 nives
617 1923 822 1966 solvuntur
830 1939 844 1974 ;
863 1935 909 1965 ut
930 1924 970 1964 in
991 1923 1127 1977 Virgil.
1147 1923 1166 1964 Ι
1193 1923 1340 1978 Georg.
1366 1938 1442 1978 43:
1469 1924 1552 1964 Vere
1571 1941 1644 1965 no·
1708 1962 1710 1966 ,

372 1995 420 2020 νο
434 2009 446 2028 ,
467 1980 602 2032 gelidus
626 1995 645 2019 c
693 1980 724 2018 is
755 1994 830 2019 cum
857 1979 1028 2019 montibus
1059 1979 1180 2018 humor
1200 1979 1371 2031 Liquimr.
1397 1977 1478 2020 vid.
1502 1977 1636 2019 Heins.
1709 1991 1717 2017 .“

372 2046 405 2074 c.
431 2046 475 2082 13
496 2032 599 2073 Lea.
622 2033 661 2074 T
689 2033 822 2074 eocrit.
847 2032 997 2074 Graev.
1019 2044 1054 2073 c.
1079 2045 1101 2071 2
1122 2030 1227 2072 Le&
1252 2030 1410 2073 Hefiod.
1435 2030 1479 2072 δι
1498 2031 1647 2086 Spanhs

372 2087 421 2127 ad
440 2085 592 2127 Gallim.
613 2087 750 2139 hymn.
774 2087 814 2126 in
834 2085 967 2133 Ceret.
987 2100 1030 2126 v.
1060 2098 1145 2135 124.
1168 2085 1241 2126 Sed
1263 2085 1306 2125 δι
1333 2083 1408 2138 ὅροι
1421 2083 1546 2126 solum
1593 2099 1643 2128 ro
1703 2127 1705 2130 .

371 2153 467 2182 vere
489 2141 591 2195 apud
612 2141 776 2182 Homer.
798 2139 844 2182 11.
862 2139 914 2189 β’,
937 2139 1031 2190 468.
1054 2139 1121 2179 ubi
1142 2139 1221 2180 vid.
1241 2138 1410 2180 Eussath.
1433 2151 1469 2193 p.
1494 2153 1548 2202 ²5.
1572 2169 1584 2181 .

426 2195 519 2247 Pag.
539 2209 606 2256 79.
638 2196 663 2234 1.
690 2210 727 2241 4.
750 2194 821 2234 Καὶ
853 2192 993 2247 ὁσίων)
1027 2193 1138 2234 Malo
1162 2191 1291 2241 ὁσίων,
1320 2204 1437 2246 quam
1461 2193 1566 2234 ὁσιων
1589 2193 1640 2234 ab

371 2245 481 2296 ὁσία,
504 2261 613 2289 cuius
627 2248 802 2302 ‚genitivi
830 2248 1069 2287 mentionem
1093 2245 1182 2288 facit
1209 2245 1452 2287 Scholiastes:
1477 2247 1641 2288 dubium

371 2301 518 2354 alioqui
538 2301 759 2356 relinquens
777 2311 905 2342 utram
931 2300 1136 2341 lefflonem
1166 2299 1369 2353 praeferat.
1393 2299 1546 2340 snm.
1565 2301 1640 2342 Vi·>
1699 2309 1707 2327 '·
1731 2343 1734 2345 ,

369 2355 418 2394 de
437 2354 644 2408 Capitolia.
667 2356 709 2395 in
730 2355 936 2395 Antonino
956 2367 994 2408 p.
1015 2366 1084 2406 341
1110 2353 1200 2394 edit.
1215 2354 1312 2394 Var.
1334 2354 1481 2394 WAss.
1506 2354 1638 2396 Locus
1695 2404 1697 2406 ,
1721 2360 1727 2373 ’“

370 2408 538 2450 Homeri
556 2421 579 2447 a
608 2438 616 2447 .
637 2408 766 2449 Schol.
795 2407 859 2448 est.
882 2407 959 2448 Od.
982 2408 1040 2454 π’,
1070 2420 1161 2458 423·
1183 2407 1274 2447 Huc
1296 2407 1508 2461 pertinent,
1533 2421 1637 2463 quae
1718 2415 1724 2434 ³

369 2462 418 2503 ad
438 2461 583 2516 Capito
597 2462 646 2501 in.
670 2462 696 2502 l.
722 2461 756 2500 d.
783 2461 988 2502 annotavit
1012 2459 1233 2501 casaubon.

424 2518 499 2558 ead.
523 2516 546 2557 l.
567 2529 607 2569 7.
627 2516 684 2556 Ἐς
711 2513 1024 2569 ἀναισχύντους)
1053 2514 1144 2556 Hoc
1171 2514 1339 2556 verbum
1371 2527 1478 2557 mere
1504 2515 1645 2570 poeti-⁴
1696 2531 1726 2555 >-.

1723 1180 1734 1258 i
